1507 2427
139 61 211 105 146

540 65 675 97 HORA
686 65 759 96 TII
782 65 992 97 EPODON

240 168 291 205 Et
319 180 408 206 ossa
435 169 484 206 ab
514 180 579 205 ore
608 175 716 217 rapta
744 169 892 207 ieiunae
920 169 1026 207 canis

297 233 478 270 Flammis
509 234 615 271 aduri
645 233 849 272 Colchicis.

241 299 293 336 At
322 299 499 347 expedita
530 298 683 347 Sagana
711 311 780 348 per
808 305 941 343 totam,
957 299 1115 336 domum

296 363 489 412 Spargens
519 363 728 400 Avernales
757 375 875 412 aquas

241 433 386 470 Horret
416 433 560 482 capillis
589 439 630 470 ut
658 434 826 471 marinus
856 434 1000 482 asperis

294 497 464 535 Echinus
495 504 558 534 aut
590 510 745 535 currens
775 511 876 547 aper.

239 563 389 600 Abacta
417 562 519 599 nulla
548 562 645 600 Veia
675 564 910 601 conscientia

295 627 506 676 Ligonibus
538 628 640 665 duris
669 628 829 665 humum

240 699 497 736 Exhauriebat
526 699 728 748 ingemens
757 700 961 745 laboribus,

296 764 386 810 Quo
416 770 549 813 posset
577 763 743 801 infossus
773 776 866 812 puer

240 828 381 878 Longo
412 829 472 865 die
502 829 560 865 bis
589 835 720 877 terque
751 835 917 866 mutatae
949 828 1056 876 dapis

294 892 462 930 Inemori
493 893 722 942 spectaculo,

243 963 341 1001 Cum
371 963 604 1011 promineret
633 975 710 1008 ore,
742 968 927 1011 quantum
958 969 1107 1000 exstant
1135 974 1233 1012 aqua

297 1027 492 1077 Suspensa
520 1035 652 1065 mento
683 1040 871 1076 corpora;

240 1093 406 1131 Exsecta
435 1094 487 1130 uti
517 1092 685 1130 medulla
714 1100 750 1130 et
778 1093 926 1130 aridum
955 1092 1057 1129 iecur

294 1159 451 1195 Amoris
481 1165 581 1195 esset
610 1157 805 1206 poculum,

240 1228 492 1266 Interminato
523 1241 611 1265 cum
641 1228 760 1265 semel
789 1228 886 1264 fixae
916 1228 1002 1265 cibo

295 1294 555 1331 Intabuissent
583 1293 760 1342 populae.

240 1357 332 1396 Non
363 1359 528 1396 defuisse
558 1358 750 1395 masculae
780 1357 943 1394 libidinis

294 1424 580 1461 Ariminensem
610 1423 757 1460 Foliam

241 1493 292 1532 Et
321 1496 446 1532 otiosa
475 1493 632 1532 credidit
662 1493 848 1543 Neapolis

295 1557 343 1593 Et
373 1569 488 1594 omne
517 1556 685 1594 vicinum
715 1556 916 1605 oppidum,

242 1621 352 1667 Quae
382 1622 507 1659 sidera
537 1628 735 1658 excantata
763 1633 856 1658 voce
886 1620 1073 1659 Thessala.

294 1686 522 1735 Lunamque
553 1687 658 1724 caelo
689 1686 833 1735 deripit.

241 1756 318 1794 Hie
349 1757 568 1794 irresectum
599 1769 711 1794 saeva
741 1756 853 1794 dente
882 1756 994 1794 livido

295 1821 458 1859 Canidia
486 1822 626 1859 rodens
656 1821 834 1870 pollicem

242 1886 346 1933 Quid
375 1887 467 1923 dixit
495 1893 559 1923 aut
589 1887 679 1935 quid
709 1887 851 1924 tacuit?
892 1885 928 1924 O
958 1887 1069 1923 rebus
1098 1887 1193 1924 meis

294 1951 386 1988 Non
416 1951 589 1988 infideles
619 1951 789 1996 arbstrae,

242 2021 333 2059 Nox
363 2029 400 2059 et
429 2021 567 2067 Diana,
598 2034 695 2071 quae
727 2022 917 2059 silentium
946 2022 1054 2071 regis,

294 2087 447 2125 Arcana
475 2099 563 2124 cum
593 2087 688 2124 fiunt
717 2099 835 2132 sacra,

241 2152 368 2199 Nunc,
398 2165 501 2190 nunc
531 2152 672 2198 adeste,
702 2164 806 2189 nunc
835 2152 874 2188 in
903 2151 1058 2190 hostiles
1088 2153 1226 2191 domos

294 2218 395 2268 Iram
425 2226 538 2267 atque
568 2229 712 2254 numen
742 2217 895 2255 vertite!

701 2287 717 2295 ι

1347 314 1385 346 25

1345 642 1386 674 30

1344 975 1381 1009 35

1343 1309 1387 1339 40

1343 1638 1384 1671 45

1343 1967 1386 1999 50
