1507 2427
102 52 173 89 126

465 57 600 89 HORA
609 57 684 89 ΤΠ
711 56 987 89 CARMINUM

259 159 507 209 Importunus
538 160 642 197 enim
669 159 876 197 transvolat
903 159 1028 198 aridas

258 224 433 270 Quercus
463 231 500 261 et
527 224 664 273 refugit
692 231 740 269 te,
770 224 859 273 quia
886 223 995 261 luridi

311 289 469 335 Dentes,
499 295 537 326 te
567 289 655 338 quia
683 300 801 337 rugae

365 353 543 402 Turpant
571 360 608 390 et
637 353 770 401 capitis
803 353 919 390 nives.

258 418 343 456 Nec
373 418 479 456 Coae
508 418 676 455 referunt
703 418 781 455 iam
809 418 874 455 tibi
903 429 1092 466 purpurae

259 483 344 530 Nec
372 483 448 520 cari
477 482 623 531 lapides
652 488 838 531 tempora,
869 493 966 531 quae
991 481 1107 518 semel

311 547 424 585 Notis
455 546 609 585 condita
637 547 744 584 fastis

365 611 525 649 Inclusit
553 611 717 649 volucris
747 611 838 649 dies.

258 677 350 724 Quo
380 676 473 725 fugit
501 687 631 718 venus,
661 676 747 722 heu,
779 688 903 725 quove
933 675 1064 713 color?
1102 675 1242 714 decens

259 742 349 789 Quo
379 743 534 780 motus?
574 741 666 790 quid
694 741 814 779 habes
843 741 952 787 illius,
983 740 1091 786 illius,

314 806 425 853 Quae
455 806 623 855 spirabat
651 818 812 851 amores,

369 871 479 918 Quae
508 883 571 908 me
601 879 798 919 surpuerat
827 870 930 917 mihi,

258 937 364 975 Felix
392 943 481 986 post
511 935 704 980 Cinaram,
734 942 902 984 notaque
931 942 968 972 et
997 936 1134 972 artium

259 1002 463 1041 Gratarum
493 1001 634 1038 facies?
694 999 771 1037 Sed
801 999 962 1038 Cinarae
990 1000 1123 1038 breves

313 1069 450 1106 Annos
480 1066 558 1104 fata
587 1067 783 1112 dederunt,

369 1132 570 1170 Servatura
598 1131 662 1168 diu
691 1143 823 1180 parem

263 1197 441 1235 Cornicis
469 1196 614 1233 vetulae
641 1196 876 1244 temporibus
906 1195 1047 1245 Lycen,

261 1261 424 1299 Possent
451 1268 492 1298 ut
521 1261 677 1298 iuvenes
705 1261 824 1298 visere
853 1260 984 1298 fervidi

318 1325 443 1364 Multo
473 1337 552 1362 non
581 1326 662 1363 sine
690 1325 783 1362 risu.

368 1391 567 1440 Dilapsam
596 1391 636 1427 in
665 1391 810 1428 cineres
840 1390 975 1429 facem.

587 1653 623 1693 Ο
637 1654 674 1692 D
687 1654 720 1691 E
757 1654 864 1691 XIV.

265 1771 382 1819 QUAE
412 1783 501 1809 cura
529 1778 681 1821 patrum
711 1783 854 1820 quaeve
884 1770 1087 1816 Quiritium

265 1837 392 1876 Plenis
420 1837 611 1875 honorum
640 1837 862 1874 muneribus
891 1843 984 1881 tuas,

318 1904 503 1952 Auguste,
534 1903 685 1939 virtutes
714 1902 753 1938 in
782 1913 916 1938 aevum

372 1967 444 2004 Per
472 1967 601 2004 titulos
630 1977 901 2014 memoresque
933 1964 1050 2002 fastos

267 2032 459 2078 Aeternet,
490 2044 524 2078 o,
556 2043 631 2080 qua
680 2030 716 2067 ol
746 2029 970 2067 habitabiles

266 2096 427 2135 Illustrat
456 2108 553 2142 oras,
583 2096 751 2133 maxime
781 2094 1024 2144 principum?

319 2162 449 2209 Quem
479 2161 573 2211 legis
604 2167 776 2210 expertes
807 2159 989 2196 Latinae·

371 2226 560 2264 Vindelici
592 2226 757 2263 didicere
787 2236 918 2274 nuper,

1311 239 1352 262 10

1311 563 1347 594 Ι5

1310 886 1350 907 20

1314 923 1318 933 ι

1310 1210 1349 1242 25
