1507 2427
153 54 201 89 32

507 46 641 78 HORA
653 46 685 76 T
679 45 726 76 II
752 45 808 76 CA
812 44 948 76 RMJA'
950 45 1028 77 UM

643 225 776 264 ODE
814 226 901 263 XX.

366 348 467 386 me:
496 348 645 397 potabis
674 346 838 384 modicis
869 346 1053 383 Sabinum

367 413 578 457 Cantharis‚
609 411 757 449 Graeca
786 411 890 460 quod
918 423 992 459 ego
1016 411 1097 459 ipse
1126 416 1222 448 testa

369 477 577 515 Conditum
606 476 687 521 levi,
717 476 826 513 datus
856 476 894 512 in
922 475 1069 512 theatro

474 541 574 578 Cum
603 542 669 578 tibi
699 541 863 589 plausus,

367 605 463 644 Care
493 606 700 643 Maecenas
730 618 858 654 eques,
888 612 928 642 ut
957 605 1105 654 paterni
1375 619 1392 652 5

366 671 550 708 Fluminis
579 671 683 719 ripae
716 669 826 706 simul
855 677 890 707 et
919 671 1050 706 iocosa

367 735 557 773 Redderet
586 735 716 772 laudes
746 736 811 772 tibi
840 735 1016 772 Vaticani

476 799 622 837 Montis
652 800 793 847 imago,

369 863 593 901 Caecubum
623 870 659 901 et
688 865 792 912 prelo
823 864 1007 901 domitam
1037 862 1182 900 Caleno

369 929 434 966 Tu
462 929 567 966 bibes
597 941 730 966 uvam:
768 941 855 965 mea
885 941 954 965 nec
983 928 1167 964 Falernae
1358 941 1396 963 10

370 993 606 1042 Temperant
635 994 727 1030 vites
756 1005 881 1043 neque
910 992 1103 1030 Formiani

476 1057 618 1095 Pocula
647 1058 772 1095 colles.

636 1343 721 1383 OD
734 1344 767 1380 E
809 1344 916 1381 XXI.

315 1464 476 1502 DIANAM
505 1470 655 1502 tenerae
685 1464 796 1502 dicite
825 1464 1001 1512 virgines,

316 1529 529 1573 Intonsum‚
559 1529 675 1577 pueri,
706 1528 816 1565 dicite
846 1528 1053 1577 Cynthium

422 1594 687 1642 Latonamque
717 1605 894 1642 supremo

475 1658 664 1695 Dilectam
694 1659 844 1707 penitus
872 1658 964 1695 Iovi.

316 1724 399 1761 Vos
426 1724 563 1760 laetam
593 1723 713 1760 fluviis
743 1729 780 1760 et
808 1735 1008 1760 nemorum
1038 1735 1160 1769 coma,
1377 1736 1394 1770 5

317 1788 579 1837 Quaecunque
609 1795 672 1825 aut
699 1788 825 1836 gelido
853 1789 1042 1837 prominet
1072 1788 1223 1838 Algido,

424 1853 551 1901 Nigris
580 1858 642 1889 aut
671 1852 892 1901 Erymanthi

478 1916 585 1954 Silvis
615 1924 678 1954 aut
705 1917 830 1954 viridis
860 1917 999 1966 Cragi3

317 1983 399 2021 Vos
428 1983 578 2032 Tempe
608 1983 764 2020 totidem
794 1983 909 2020 tollite
938 1983 1109 2020 laudibus

318 2047 580 2096 Natalemque‚
613 2059 748 2093 mares,
776 2047 902 2084 Delon
931 2047 1131 2097 Apollinis,
1360 2065 1396 2085 10

424 2112 695 2162 Insignemque
723 2112 897 2162 pharetra

477 2177 731 2227 Fraternaque
760 2178 959 2215 humerum
987 2177 1073 2228 lyra.
