1507 2427
506 85 669 135 LIBER.
709 85 852 117 EPOD.
872 85 982 117 XIII.
1305 92 1319 117 1
1329 92 1376 127 53

184 187 299 225 Nunc
328 187 525 237 gloriantis
556 189 764 236 quamlibet
795 189 1055 226 mulierculam

236 252 398 289 Vincere
429 253 584 289 mollitie
614 264 721 289 amor
751 253 900 302 Lycisci
930 266 991 290 me
1022 260 1135 300 tenet,

183 316 296 354 Unde
326 318 505 366 expedire
534 329 613 354 non
643 318 855 354 amicorum
886 325 1028 366 queant
1340 334 1376 363 25

237 381 374 418 Libera
403 382 560 420 consilia
590 395 661 419 nec
692 383 947 420 contumeliae
977 395 1122 432 graves,

185 446 260 483 Sed
289 447 383 484 alius
413 447 524 484 ardor
552 454 615 484 aut
644 448 791 496 puellae
822 448 1007 485 candidae

238 512 316 548 Aut
346 513 471 549 teretis
500 513 606 562 pueri
636 513 791 561 longam
821 513 1040 551 renodantis
1071 525 1232 551 comam.

569 844 790 883 EPODE
829 845 938 882 XIII.

130 964 315 1003 HORRmA
343 972 550 1015 tempestas
580 966 728 1004 caelum
757 965 946 1004 contraxit
975 971 1011 1002 et
1040 965 1180 1002 imbres

184 1030 376 1079 Nivesque
407 1032 600 1068 deducunt
630 1031 784 1077 Iovem3
824 1043 926 1068 nunc
957 1043 1071 1076 mare,
1103 1041 1206 1066 nunc
1236 1028 1350 1065 siluae

130 1094 312 1132 Threi'cio
343 1096 533 1144 Aquilone
563 1103 723 1133 sonant:
763 1096 968 1144 rapiamus,
999 1095 1121 1141 amici,

185 1159 440 1198 Occasionem
471 1161 517 1198 de
548 1161 617 1206 die,
650 1161 817 1209 dumque
847 1162 966 1197 virent
995 1172 1124 1210 genua

130 1224 180 1261 Et
210 1226 328 1267 decet,
359 1225 524 1262 obducta
554 1226 716 1262 solvatur
746 1225 869 1262 fronte
899 1233 1088 1263 senectus.
1361 1240 1378 1270 5

185 1290 247 1326 Tu
276 1291 362 1327 vina
391 1290 589 1339 Torquato
619 1302 730 1327 move
761 1291 917 1327 consule
947 1303 1078 1339 pressa
1106 1302 1206 1327 meo.

131 1354 267 1392 Cetera
295 1356 399 1392 mitte
429 1355 555 1404 loqui:
598 1355 690 1392 deus
721 1355 814 1392 haec
844 1355 1005 1392 fortasse
1034 1356 1202 1404 benigna

185 1420 358 1458 Reducet
387 1421 425 1456 in
455 1420 585 1457 sedem
615 1421 704 1457 vice.
762 1419 878 1457 Nunc
907 1427 945 1457 et
974 1420 1236 1457 Achaemenio

131 1486 311 1523 Perfundi
339 1486 459 1522 nardo
488 1486 587 1522 iuvat
616 1492 652 1522 et
681 1485 755 1522 fide
785 1484 967 1533 Cyllenea

186 1550 329 1588 Levare
359 1550 447 1587 diris
475 1558 631 1598 pectora
662 1549 1000 1596 sollicitudinibus3
1343 1564 1382 1586 10

133 1616 283 1653 Nobilis
312 1623 354 1652 ut
383 1615 515 1664 grandi
547 1616 684 1652 cecinit
715 1614 927 1652 Centaurus
958 1616 1136 1653 alumno:

185 1681 340 1725 Invicte‚
371 1681 539 1718 mortalis
570 1680 640 1717 dea
669 1687 756 1718 nate
786 1693 880 1730 puer
909 1680 1083 1726 Thetide,

132 1747 192 1784 Te
221 1752 351 1783 manet
379 1745 558 1783 Assaraci
588 1745 707 1789 tellus,
740 1758 854 1794 quam
885 1745 1021 1794 frigida
1050 1746 1153 1794 parvi

186 1810 353 1847 Findunt
383 1810 606 1848 Scamandri
635 1810 793 1847 flumina
822 1810 986 1847 lubricus
1015 1817 1053 1848 et
1083 1811 1236 1855 Simois,

132 1875 246 1912 Unde
275 1876 340 1912 tibi
370 1875 531 1912 reditum
562 1883 664 1912 certo
695 1875 909 1912 subtemine
938 1875 1081 1913 Parcae
1343 1888 1379 1918 15

187 1940 351 1989 Rupere,
381 1953 452 1977 nec
481 1948 601 1977 mater
631 1941 791 1978 domum
820 1941 970 1978 caerula
998 1948 1034 1978 te
1064 1940 1225 1978 revehet.

133 2006 212 2043 Illic
241 2018 355 2042 omne
383 2005 527 2042 malum
557 2006 646 2042 vino
676 2013 865 2054 cantuque
896 2006 1030 2051 levato,

186 2069 378 2107 Deformis
408 2071 665 2120 aegrimoniae
697 2071 869 2108 dulcibus
900 2070 1084 2119 alloquiis.
