1507 2427
482 79 577 111 LIB.
598 80 629 112 I.
672 79 746 111 OD.
768 79 848 111 XV.

206 183 326 221 Iactes
355 187 392 219 et
419 193 540 230 genus
569 188 605 219 et
634 194 776 219 nomen
806 181 933 219 inutile
949 195 958 228 ;

205 247 268 284 Nil
297 247 405 295 pictis
433 247 584 283 timidus
615 248 743 284 navita
771 247 961 296 puppibus

256 310 364 348 Fidit.
421 310 492 355 Tu,
524 311 594 349 nisi
624 312 742 348 ventis

311 373 438 422 Debes
467 375 678 420 ludibrium,
708 388 808 413 cave.

206 437 338 488 Nuper
367 439 565 476 sollicitum
595 451 691 488 quae
719 439 811 476 mihi
840 438 1015 484 taedium,

205 502 320 540 Nunc
350 502 577 540 desiderium
607 516 770 553 curaque
799 515 878 541 non
906 502 1007 547 levis,

258 565 445 604 Interfusa
473 567 635 605 nitentes

310 629 417 668 Vites
445 643 611 681 aequora
640 631 834 681 Cycladas.

541 905 674 944 ODE
711 905 796 944 XV.

153 1027 306 1066 PASTOR
336 1038 423 1064 cum
452 1027 615 1065 traheret
644 1039 713 1075 per
742 1026 834 1064 freta
861 1028 1018 1065 navibus

153 1090 279 1129 Idaeis
309 1091 485 1128 Helenen
515 1091 680 1140 perfidus
710 1091 914 1141 hospitam,

154 1154 310 1204 Ingrato
341 1155 480 1193 celeres
509 1156 633 1192 obruit
661 1156 741 1193 otio

260 1219 418 1265 Ventos,
449 1225 489 1256 ut
518 1227 669 1257 caneret
697 1220 775 1257 fera

153 1283 300 1321 Nereus
329 1284 427 1321 fata:
461 1283 566 1321 Mala
596 1285 701 1321 ducis
731 1285 791 1321 avi
821 1284 989 1331 domum,

154 1348 282 1394 Quam
310 1349 429 1386 multo
458 1356 600 1397 repetet
630 1348 789 1386 Graecia
816 1349 942 1394 milite,

154 1412 361 1450 Coniurata
389 1419 471 1450 tuas
500 1426 675 1462 rumpere
703 1414 854 1462 nuptias

258 1477 308 1514 Et
337 1490 498 1526 regnum
527 1478 664 1515 Priami
694 1486 809 1517 vetus.

154 1542 243 1580 Heu
271 1542 345 1579 heu
373 1549 536 1591 quantus
566 1544 682 1592 equis,
713 1550 876 1592 quantus
905 1543 1011 1581 adest
1040 1544 1124 1582 viris

154 1606 298 1644 Sudor!
329 1615 469 1656 quanta
497 1620 629 1645 moves
659 1607 792 1645 funera
819 1608 1020 1646 Dardanae

154 1671 293 1709 Genti!
323 1671 406 1708 Iam
433 1672 582 1720 galeam
610 1672 732 1709 Pallas
762 1679 798 1709 et
826 1672 961 1721 aegida

260 1737 476 1786 Currusque
506 1744 542 1774 et
569 1738 711 1774 rabiem
740 1743 856 1786 parat.

154 1800 421 1851 Nequiequam
453 1801 613 1838 Veneris
641 1802 830 1850 praesidio
860 1801 966 1840 ferox

153 1865 286 1904 Pectes
316 1867 522 1903 caesariem
551 1873 733 1915 grataque
763 1866 912 1904 feminis

153 1930 300 1967 Imbelli
329 1930 470 1967 cithara
499 1931 666 1968 carmina
695 1931 837 1968 divides
853 1944 863 1977 ;

259 1994 526 2044 Nequiequam
555 1995 723 2033 thalamo
753 2008 886 2044 graves

154 2058 296 2096 Hastas
326 2066 362 2096 et
389 2059 524 2097 calami
554 2061 697 2109 spicula
727 2060 863 2098 Gnosii

153 2123 299 2160 Vitabis
329 2125 601 2173 strepitumque
630 2131 666 2162 et
695 2125 856 2162 celerem
886 2125 992 2172 sequi

154 2188 332 2234 Aiacem;
363 2194 490 2225 tamen
518 2189 594 2226 heu
622 2201 725 2226 serus
754 2189 943 2227 adulteros

262 2251 395 2290 Crines
424 2253 574 2302 pulvere
604 2253 771 2291 collines.

1251 325 1286 355 15

1252 644 1290 667 20

1254 1624 1290 1646 10

1255 1947 1290 1979 Ι5

1253 2271 1292 2292 20
