1507 2427
119 77 133 102 1
144 78 161 102 2
170 78 191 110 4
480 68 614 99 HORA
624 68 699 98 TII
724 66 1001 98 CARMINUM

327 173 414 211 Iure
444 172 638 211 sollemnis
667 172 761 209 mihi
790 172 1031 221 sanctiorque

327 239 454 276 Paene
483 238 599 275 natali
628 237 796 286 proprio,
828 237 934 286 quod
963 249 1009 273 ex
1038 235 1111 275 hac

328 303 434 341 Luce
463 302 671 339 Maecenas
700 313 809 339 meus
837 301 1049 339 adfluentes

437 366 601 404 Ordinat
630 378 764 404 annos.
1324 377 1366 400 20

328 432 559 481 Telephum,
589 443 705 480 quem
734 438 774 468 tu
804 432 912 480 petis,
945 428 1146 479 occupavit

326 498 420 535 Non
449 503 536 534 tuae
567 497 678 534 sortis
707 497 884 533 iuvenem
913 496 1040 544 puella

326 560 447 597 Dives
476 566 514 596 et
540 558 680 596 lasciva
708 564 888 608 tenetque
915 565 1024 607 grata

435 624 636 673 Compede
664 624 845 661 vinctum.

327 688 463 726 Terret
491 688 689 724 ambustus
720 686 921 724 Pha'e'thon
949 698 1082 724 avaras
1324 697 1363 730 ²5

331 754 439 802 Spes,
469 761 506 790 et
534 752 753 800 exemplum
782 764 896 800 grave
925 752 1083 800 praebet
1110 749 1188 787 ales

329 819 500 868 Pegasus
529 825 721 855 terrenum
751 818 918 866 equitem
946 822 1121 865 gravatus

434 883 785 933 Bellerophontem,

330 949 490 998 Semper
517 955 558 985 ut
585 955 622 986 te
652 949 769 997 digna
799 959 958 996 sequare
988 953 1025 984 et
1051 946 1149 983 ultra
1315 989 1320 999 Ι

331 1013 461 1059 Quam
489 1013 575 1050 licet
604 1025 755 1061 sperare
785 1012 893 1049 nefas
922 1010 1093 1060 putando
1324 1023 1366 1054 30

332 1078 536 1128 Disparem
565 1078 668 1114 vites.
724 1078 810 1125 Age
839 1077 926 1122 iarn,
955 1087 1130 1112 meorum

436 1143 541 1180 Finis
570 1154 800 1180 amorum—-

328 1207 422 1245 Non
451 1208 554 1245 enim
582 1208 744 1256 posthac
774 1208 846 1244 alia
874 1206 1008 1244 calebo

326 1273 726 1311 Femina—condisce
755 1272 906 1317 modos,
937 1271 1104 1309 amanda

328 1339 439 1377 Voce
468 1351 566 1387 quos
594 1338 733 1376 reddas
749 1351 757 1384 ;
797 1338 1015 1375 minuentur
1043 1344 1145 1374 atrae
1323 1350 1362 1382 35

437 1404 616 1443 Carmine
645 1416 769 1442 curae.

596 1654 729 1694 ODE
767 1655 858 1692 XII.

272 1779 347 1816 IAM
370 1778 464 1815 veris
493 1777 666 1823 comites,
697 1789 795 1826 quae
824 1789 930 1815 mare
960 1783 1184 1827 temperant,

272 1843 481 1892 Impellunt
509 1843 660 1879 animae
690 1843 803 1880 lintea
832 1842 1022 1879 Thraciae
1038 1855 1047 1889 3

274 1907 357 1944 Iam
386 1919 456 1944 nec
485 1914 592 1956 prata
621 1908 743 1956 rigent
772 1920 843 1945 nec
872 1907 975 1944 fluvii
1004 1914 1177 1957 strepunt

381 1971 557 2009 Hiberna
586 1973 671 2009 nive
701 1973 849 2023 turgidi.

272 2036 417 2073 Nidum
445 2036 563 2085 ponit,
595 2036 682 2085 Ityn
712 2037 885 2074 flebiliter
914 2049 1086 2086 gemens,
1344 2055 1362 2087 5

274 2101 413 2138 Infelix
442 2102 520 2138 avis
549 2108 585 2138 et
615 2101 826 2151 Cecropiae
855 2103 994 2140 domus

272 2168 483 2204 Aeternum
513 2167 774 2216 opprobrium,
806 2168 911 2217 quod
939 2168 1038 2205 male
1067 2169 1245 2206 barbaras

381 2232 536 2282 Regum
565 2240 623 2271 est
652 2233 730 2271 ulta
758 2234 944 2272 libidines.
