1507 2427
515 62 649 93 HORA
658 61 734 92 TII
760 61 1037 92 CARMINUM

319 162 410 199 Non
440 174 593 211 semper
621 162 722 199 idem
750 163 909 200 -floribus
939 170 995 201 est
1023 164 1147 201 honor

318 227 456 264 Vernis
485 239 612 276 neque
644 239 721 264 uno
751 227 862 264 Luna
890 229 1032 266 rubens
1062 229 1155 267 nitet

371 292 513 330 Voltu:
553 293 644 341 quid
674 294 835 330 aeternis
864 295 1054 331 minorem

426 357 605 395 Consiliis
634 358 805 395 animum
834 358 1001 407 fatigas?

319 422 396 460 Cur
425 434 504 459 non
534 423 605 459 sub
635 422 710 458 alta
737 423 796 459 vel
826 423 981 471 platano
1011 424 1069 460 vel
1098 423 1169 460 hac

319 487 414 523 Pinu
444 488 611 524 iacentes
640 487 693 524 sic
722 493 866 524 temere
896 494 933 524 et
957 500 1044 525 rosa

372 551 502 588 Canos
531 551 678 588 odorati
709 552 878 600 capillos,

425 615 529 652 Dum
559 615 655 660 licet,
684 616 916 665 Assyriaque
947 617 1070 655 nardo

319 680 501 717 Potamus
530 680 663 717 uncti?
719 680 890 729 Dissipat
918 681 1039 719 Euius

319 744 442 782 Curas
471 744 620 782 edaces.
678 745 776 790 Quis
805 758 900 794 puer
929 747 1036 784 ocius

380 809 609 857 Restinguet
637 811 801 847 ardentis
831 811 981 848 Falerni

427 874 571 911 Pocula
599 881 860 924 praetereunte
889 875 1070 924 lympha?

321 940 418 986 Quis
447 940 598 977 devium
630 946 797 977 scortum
827 941 948 978 eliciet
978 941 1095 979 domo

322 1004 482 1053 Lyden?
540 1004 708 1051 Eburna,
741 1006 800 1043 dic
834 1018 917 1054 age,
948 1018 1036 1043 cum
1066 1006 1144 1055 lyra

375 1069 541 1106 Maturet
568 1070 607 1106 in
637 1076 834 1119 comptum
863 1070 1063 1108 Lacaenae

429 1132 540 1170 More
570 1145 701 1172 comas
730 1135 886 1183 religata
914 1135 1069 1172 nodum.

765 1191 806 1201 xe

655 1404 788 1444 ODE
832 1404 923 1442 XII.

322 1514 445 1552 Noms
473 1513 591 1562 longa
619 1512 720 1550 ferae
748 1513 847 1550 bella
876 1513 1111 1552 Numantiae

322 1579 406 1616 Nec
435 1579 571 1616 durum
606 1577 868 1615 Hannibalem
897 1590 969 1615 nec
1000 1578 1169 1616 Siculum
1198 1591 1303 1616 mare

323 1645 456 1682 Poeno
486 1655 719 1692 purpureum
748 1643 933 1692 sanguine
964 1643 1141 1681 mollibus

483 1708 618 1757 Aptari
648 1708 812 1745 citharae
840 1708 978 1753 modis,

313 1774 408 1811 ‘Nec
438 1785 571 1811 saevos
600 1773 783 1821 Lapithas
812 1779 848 1810 et
877 1774 1038 1810 nimium
1068 1785 1175 1811 mero

325 1839 517 1887 Hylaeum
548 1838 791 1887 domitosque
822 1838 1015 1874 Herculea
1043 1850 1161 1875 manu

324 1904 487 1941 Telluris
516 1904 683 1948 iuvenes,
713 1903 814 1940 unde
844 1903 1053 1952 periculum

483 1968 651 2017 Fulgens
682 1969 911 2005 contremuit
940 1968 1077 2005 domus

327 2034 476 2071 Saturni
504 2033 664 2079 veteris;
708 2040 823 2082 tuque
853 2033 1090 2082 pedestribus

325 2097 441 2136 Dices
472 2098 636 2135 historiis
666 2097 810 2146 proelia
839 2097 1026 2143 Caesaris,

325 2164 544 2210 Maecenas,
573 2163 708 2200 melius
739 2163 928 2211 ductaque
958 2176 1025 2212 per
1053 2163 1131 2200 vias

488 2228 640 2278 Regum
671 2228 767 2265 colla
791 2228 1013 2279 minacium.

1374 245 1412 267 10

1373 891 1413 912 20

1375 2113 1413 2136 10
