1507 2427
446 136 541 168 LIB.
562 137 592 168 J.
635 136 708 168 OD.
730 137 846 168 XXV.

182 239 286 286 Quid
316 239 346 276 si
375 237 558 276 Thre'scio
586 237 761 276 blandius
790 238 948 287 Orpheo

180 304 360 341 Auditam
389 302 587 340 moderere
616 303 814 340 arboribus
843 303 969 348 fidem,

181 367 285 405 Num
313 379 432 405 vanae
461 367 590 404 redeat
618 368 771 416 sanguis
799 367 965 416 imagini,

235 432 363 479 Quam
391 433 494 481 virga
522 433 639 470 semel
668 431 829 477 horrida,

181 497 272 534 Non
301 497 395 534 lenis
425 497 599 545 precibus
629 497 704 534 fata
732 496 938 541 recludere,

181 561 302 610 Nigro
332 561 555 609 compulerit
584 561 797 598 Mercurius
826 560 960 610 gregi?

179 625 351 662 Durum:
391 626 457 663 sed
485 625 601 663 levius
630 625 671 662 fit
700 625 888 674 patientia,

234 689 430 738 Quidquid
459 690 646 738 corrigere
674 696 730 726 est
759 689 876 727 nefas.

494 953 529 993 O
543 954 579 991 D
592 954 626 991 E
663 953 786 991 XXV.

182 1075 346 1114 PARcrus
374 1075 519 1112 iunctas
548 1075 719 1124 quatiunt
747 1075 929 1112 fenestras

182 1141 348 1177 lactibus
377 1141 518 1178 crebris
546 1141 700 1178 iuvenes
730 1141 906 1189 protervi,

182 1204 265 1242 Nec
293 1205 359 1242 tibi
390 1217 547 1242 somnos
578 1204 759 1249 adimunt,
790 1211 967 1253 amatque

343 1268 461 1305 Ianua
489 1269 614 1314 limen,

183 1332 293 1380 Quae
322 1333 424 1381 prius
453 1333 613 1370 multum
642 1333 760 1371 facilis
789 1334 967 1370 movebat

183 1397 388 1445 Cardines;
427 1398 534 1435 audis
563 1399 689 1436 minus
719 1405 755 1436 et
784 1399 910 1436 minus
940 1399 1038 1435 iam:

184 1462 274 1500 ‘Me
303 1469 368 1500 tuo
397 1463 532 1511 longas
560 1470 742 1511 pereunte
772 1470 918 1509 noctes,

343 1527 474 1577 Lydia,
506 1526 691 1565 dormis?’

184 1592 352 1631 Invicem
382 1593 566 1630 moechos
596 1605 691 1631 anus
719 1599 943 1642 arrogantes

183 1657 309 1695 Flebis
338 1659 378 1695 in
407 1658 489 1695 solo
519 1659 608 1695 levis
638 1659 852 1707 angiportu,

185 1721 354 1760 Thracio
383 1722 594 1759 bacchante
623 1724 745 1772 magis
775 1724 845 1760 sub
874 1724 985 1760 inter-

351 1788 453 1824 lunia
481 1794 605 1834 vento,

185 1853 285 1892 Cum
314 1853 380 1890 tibi
408 1853 576 1901 flagrans
605 1865 713 1890 amor
741 1860 779 1890 et
806 1853 935 1898 libido,

186 1919 297 1965 Quae
326 1919 422 1956 solet
450 1925 588 1955 matres
618 1917 751 1955 furiare
780 1930 980 1968 equorum,

186 1983 332 2021 Saeviet
360 1984 459 2021 circa
487 1984 590 2020 iecur
618 1983 843 2025 ulcerosum,

345 2048 437 2086 Non
467 2049 548 2086 sine
577 2055 724 2097 questU‚

186 2113 304 2152 Laeta
333 2113 437 2162 quod
465 2114 587 2162 pubes
615 2113 756 2150 hedera
783 2112 924 2150 virente

186 2177 360 2215 Gaudeat
388 2177 490 2227 pulla
518 2178 641 2226 magis
670 2184 783 2226 atque
813 2182 947 2226 myrto,

186 2242 323 2280 Aridas
352 2241 507 2279 frondes
537 2242 672 2279 hiemis
702 2241 822 2279 sodali

346 2297 507 2344 Dedicet
536 2307 682 2343 Hebro.

612 2384 636 2408 D
664 2384 683 2408 2

1236 1671 1273 1693 10

1238 1996 1273 2027 15

1235 2321 1274 2343 20
