1507 2427
171 59 218 94 34

527 51 662 83 HORA
671 50 746 81 TII
771 50 1046 82 CARMINUM

637 233 673 271 O
685 233 721 270 D
734 233 768 269 E
806 233 956 271 XXIII.

387 354 508 392 ViTAs
536 354 719 392 hinnuleo
746 367 809 392 me
838 355 979 399 similis,
1011 354 1142 399 Chloe‘,

387 418 594 464 Quaerenti
623 419 801 467 pavidam
829 419 1020 456 montibus
1049 419 1139 456 aviis

440 482 605 520 Matrem
634 494 713 520 non
743 484 822 520 sine
852 495 951 520 vano

492 547 680 584 Aurarum
709 554 745 584 et
774 547 889 585 siliiae
917 554 1031 585 metu.

387 616 489 654 Nam
518 628 585 654 seu
613 617 816 654 mobilibus
845 617 941 654 veris
969 616 1153 654 inhorruit

385 681 586 718 Adventus
616 681 713 718 foliis
743 693 810 718 seu
837 681 973 718 virides
1002 682 1137 718 rubum

438 744 644 782 Dimovere
671 745 843 791 lacertae,

493 814 543 851 Et
572 815 688 852 corde
717 822 754 852 et
781 816 943 865 genibus
972 816 1107 853 tremit.

386 879 501 929 Atqui
530 891 610 916 non
639 892 711 929 ego
741 888 777 917 te
806 881 910 929 tigris
939 887 979 917 ut
1007 891 1140 928 aspera

388 943 617 981 Gaetulusve
645 944 704 981 leo
735 945 906 994 frangere
934 955 1165 994 persequor:

440 1009 618 1047 Tandem
647 1008 777 1046 desine
805 1015 966 1046 matrem

495 1073 743 1123 Tempestiva
772 1075 878 1123 sequi
908 1074 997 1111 viro.

671 1245 923 1252 ————--

641 1373 678 1413 O
690 1374 727 1411 D
739 1374 773 1412 E
810 1373 956 1412 XXIV.

337 1495 435 1542 Qurs
464 1495 648 1533 desiderio
678 1496 726 1533 sit
752 1495 876 1545 pudor
904 1501 967 1532 aut
997 1494 1134 1532 modus

335 1560 437 1597 Tam
467 1561 542 1598 cari
571 1561 727 1609 capitis?
783 1560 964 1609 Praecipe
992 1559 1171 1608 lugubres

336 1623 490 1670 Cantus,
522 1623 781 1673 Melpomene,
812 1625 872 1661 cui
899 1624 1082 1673 liquidam
1110 1630 1216 1673 pater

388 1689 539 1726 Vocem
568 1701 656 1726 cum
686 1689 829 1726 cithara
858 1689 969 1726 dedit.

334 1758 437 1807 Ergo
468 1758 695 1804 Quintilium
724 1765 929 1808 perpetuus
959 1771 1074 1809 sopor

334 1823 475 1872 Urget!
521 1824 580 1861 cui
610 1823 739 1860 Pudor
767 1831 804 1861 et
834 1823 1002 1861 Iustitiae
1033 1835 1150 1869 soror,

335 1889 560 1938 Incorrupta
588 1888 715 1935 Fides,
745 1889 923 1938 nudaque
952 1888 1101 1926 Veritas

390 1953 557 2000 Quando
586 1954 704 1990 ullum
734 1954 898 1991 inveniet
927 1955 1084 2003 parem?

335 2024 466 2062 Multis
495 2025 554 2062 ille
583 2025 696 2062 bonis
724 2024 858 2062 flebilis
888 2024 1037 2069 oceidit,

335 2089 438 2126 Nulli
467 2090 626 2127 flebilior
656 2101 773 2138 quam
802 2089 879 2135 tibi,
909 2089 1053 2138 Virgili.

334 2153 398 2191 Tu
427 2154 563 2192 frustra
591 2155 676 2202 pius
706 2154 781 2191 heu
810 2166 891 2192 non
919 2155 970 2191 ita
998 2153 1180 2192 creditum

387 2218 520 2256 Poscis
551 2218 778 2265 Quintilium
808 2219 920 2257 deos:

1357 958 1424 989 '10

1389 2104 1428 2126 10
