1507 2427
491 82 586 113 LIB.
607 81 658 111 II.
702 81 774 112 OD.
798 79 942 111 XVIII.

244 186 389 224 Dextra
416 185 587 229 levasset,
617 182 899 220 Mercurialium

244 250 385 287 Custos
414 249 588 285 virorum.
649 247 824 285 Reddere
854 246 1024 283 victimas

297 314 522 361 Aedemque
551 312 712 348 votivam
743 317 959 348 memento:

351 377 435 415 Nos
463 377 643 414 humilem
673 376 848 413 feriemus
878 387 1028 424 agnam.

549 741 585 779 O
599 741 635 778 D
648 741 681 777 E
719 740 866 778 XVIII.

248 881 337 919 NON
367 880 460 916 ebur
488 890 612 926 neque
642 889 798 914 aureum

301 945 393 982 Mea
421 944 567 981 renidet
596 943 633 979 in
664 942 781 979 domo
810 941 977 987 lacunar,

248 1010 340 1047 Non
368 1010 493 1046 trabes
523 1007 744 1056 Hymettiae

302 1074 482 1110 Premunt
511 1071 708 1108 columnas
736 1071 868 1108 ultima
896 1070 1035 1107 recisas

248 1138 398 1187 Africa,>
419 1148 544 1185 neque
573 1136 688 1173 Attali

302 1202 463 1250 Ignotus
492 1201 600 1237 heres
629 1200 773 1248 regiam
803 1198 997 1248 occupavi,

249 1265 332 1302 Nec
361 1265 572 1301 Laconicas
601 1264 693 1300 mihi

301 1330 478 1367 Trahunt
505 1329 690 1365 honestae
719 1340 906 1377 purpuras
935 1327 1117 1365 clientae:

248 1395 298 1432 At
327 1394 422 1431 fides
451 1400 487 1430 et
515 1393 646 1441 ingeni

302 1458 476 1506 Benigna
504 1470 600 1494 vena
629 1463 695 1503 est,
726 1469 1012 1506 pauperemque
1043 1456 1146 1493 dives

248 1523 315 1561 Me
345 1523 462 1572 petit3
503 1522 594 1558 nihil
624 1533 739 1570 supra

302 1588 409 1624 Deos
438 1588 584 1623 lacesso
615 1598 687 1624 nec
716 1592 914 1635 potentem
944 1585 1111 1623 amicum

249 1652 434 1700 Largiora
462 1652 606 1700 flagito,

304 1716 401 1753 Satis
429 1716 562 1752 beatus
591 1714 713 1752 unicis
745 1713 906 1752 Sabinis.

248 1781 429 1818 Truditur
460 1780 539 1816 dies
569 1778 640 1824 die,

303 1845 512 1892 Novaeque
542 1848 706 1892 pergunt
734 1843 882 1880 interire
912 1842 1034 1880 lunae.

251 1910 313 1947 Tu
342 1909 508 1947 secanda
537 1920 727 1944 marmora

303 1974 428 2012 Locas
459 1974 529 2011 sub
558 1974 683 2023 ipsum
713 1972 827 2009 funus
856 1978 892 2009 et
922 1971 1085 2020 sepulcri

249 2039 460 2076 Immemor
491 2039 600 2075 struis
631 2039 770 2075 domos

303 2103 498 2152 Marisque
527 2102 629 2140 Baiis
659 2102 910 2151 obstrepentis
939 2112 1050 2150 urges

251 2168 499 2206 Summovere
529 2168 646 2214 litora,

302 2232 441 2270 Parum
471 2233 643 2282 locuples
673 2232 891 2270 continente
921 2231 1011 2280 ripa.

1304 1470 1342 1492 10
