1507 2427
55 58 124 92 142

453 53 585 85 HORA
597 53 670 85 ΤΠ
691 54 900 86 EPODON

210 156 263 194 Ut
292 156 433 206 gaudet
461 157 610 196 insitiva
639 158 846 207 decerpens
874 158 966 208 pira,

262 222 483 260 Certantem
512 229 548 260 et
578 235 691 260 uvam
720 235 919 272 purpurae,
1259 241 1300 263 20

211 287 299 334 Qua
329 294 547 325 muneretur
575 294 623 334 te,
655 287 802 337 Priape,
832 295 868 326 et
897 297 944 341 te,
976 297 1084 338 pater

264 352 423 399 Silvane,
454 360 555 390 tutor
583 353 741 390 finiuml

210 417 322 455 Libet
351 419 473 455 iacere
503 418 622 455 modo
653 420 723 455 sub
753 418 907 467 antiqua
935 418 1028 465 ilice,

263 483 385 520 Modo
415 483 452 519 in
482 483 604 519 tenaci
633 470 815 532 gramine.

209 547 406 584 Labuntur
435 548 518 585 altis
548 548 695 584 interim
724 548 810 585 rivis
839 560 972 598 aquae,
1260 565 1297 596 25

264 613 485 659 Queruntur
514 613 553 650 in
583 613 682 650 silvis
714 625 814 660 aves,

209 677 429 727 Fontesque
458 678 622 728 lymphis
652 679 876 727 obstrepunt
905 679 1159 725 manantibus,

266 742 433 780 Somnos
464 743 567 792 quod
597 744 727 780 invitet
756 744 868 781 leves.

209 808 259 844 At
289 819 376 844 cum
405 809 574 845 tonantis
603 820 726 845 annus
754 808 937 846 hibernus
966 808 1067 846 Iovis

262 872 409 910 Imbres
438 873 618 922 nivesque
648 881 852 922 comparat,
1258 889 1299 919 30

209 937 288 975 Aut
317 938 430 975 trudit
459 950 564 975 acres
593 937 681 975 hinc
712 944 748 975 et
776 938 864 975 hinc
894 939 1012 976 multa
1043 950 1136 975 cane

262 1003 389 1051 Apros
418 1003 455 1039 in
486 1003 682 1039 obstantes
711 1003 857 1052 plagas,

211 1069 289 1105 Aut
318 1068 430 1105 amite
461 1067 530 1104 levi
559 1080 643 1105 rara
671 1068 792 1105 tendit
820 1068 922 1115 retia,

266 1133 406 1169 Turdis
436 1132 616 1169 edacibus
647 1132 768 1179 dolos,

211 1198 471 1247 Pavidumque
502 1198 671 1246 leporem
702 1205 738 1235 et
768 1198 955 1235 advenam
984 1198 1123 1248 laqueo
1153 1210 1286 1248 gruem

267 1263 439 1301 Iucunda
468 1269 595 1312 captat
624 1264 804 1312 praemia.
1261 1269 1301 1309 3⁶

213 1328 311 1375 Quis
340 1341 419 1365 non
449 1328 646 1373 malarum,
677 1340 772 1376 quas
801 1340 908 1365 amor
938 1340 1046 1365 curas
1076 1328 1200 1373 habet,

270 1393 378 1431 Haec
407 1394 503 1430 inter
532 1393 790 1430 obliviscitur?

215 1459 365 1506 Quodsi
396 1459 536 1508 pudica
565 1459 699 1495 mulier
728 1458 766 1495 in
796 1465 941 1507 partem
970 1458 1069 1494 iuvet

267 1524 439 1562 Domum
469 1531 580 1573 atque
612 1524 740 1561 dulces
769 1522 920 1567 liberos,
1261 1537 1303 1569 40

217 1588 357 1626 Sabina
388 1589 508 1638 qualis
539 1596 602 1626 aut
631 1595 784 1637 perusta
814 1588 958 1625 solibus

268 1654 436 1692 Pernicis
465 1666 560 1691 uxor
592 1653 718 1702 Apuli,

217 1720 374 1757 Sacrum
404 1720 557 1756 vetustis
588 1725 755 1756 exstruat
783 1717 893 1766 lignis
924 1717 1051 1755 focum

270 1785 378 1822 Lassi
407 1786 477 1822 sub
507 1786 712 1822 adventum
741 1783 819 1828 viri,

216 1849 485 1899 Claudensque
516 1849 626 1886 textis
657 1848 820 1886 cratibus
849 1847 988 1885 laetum
1018 1858 1136 1896 pecus
1260 1862 1299 1894 45

268 1914 443 1952 Distenta
473 1914 586 1952 siccet
615 1915 742 1959 ubera,

213 1979 264 2017 Et
293 1980 415 2017 horna
444 1980 542 2017 dulci
571 1981 656 2016 vina
685 1990 866 2028 promens
897 1977 1000 2015 dolio

269 2045 401 2095 Dapes
430 2046 617 2095 inemptas
647 2049 823 2093 apparet:

216 2111 306 2150 Non
335 2124 397 2149 me
427 2111 592 2149 Lucrina
621 2110 780 2148 iuverint
809 2107 1006 2158 conchylia

269 2177 442 2226 Magisve
471 2177 656 2214 rhombus
685 2182 749 2213 aut
779 2174 887 2220 scari,
1259 2187 1301 2219 50
