1507 2427
141 66 186 89 22

496 57 535 88 H
538 57 630 89 ORA
640 57 673 88 T
666 57 715 88 II
741 57 798 88 CA
802 56 943 88 RMIN
942 57 1021 88 UM

355 160 528 198 Dissolve
558 160 685 210 frigus,
714 161 818 209 ligna
847 173 959 210 super
987 161 1074 198 foco

356 224 479 273 Large
507 237 708 274 reponens,
738 232 849 274 atque
876 226 1079 274 benignius

407 289 602 338 Deprome
631 289 869 338 quadrimum
899 289 1049 335 Sabina,

462 353 498 392 O
529 353 767 399 Thaliarche,
796 366 942 391 merum
972 354 1083 390 diota.

355 418 533 456 Permitte
562 418 655 455 divis
685 425 818 461 cetera,
849 419 912 467 qui
942 418 1052 455 simul

358 483 527 535 Stravere
555 490 689 520 ventos
719 495 885 532 aequore
915 483 1060 520 fervido

258 551 267 561 ²
332 544 335 547 “
374 547 377 550 ’
408 547 711 596 Deproeliantes‚
740 560 811 584 nec
840 548 1009 596 cupressi

462 611 547 650 Nec
575 619 718 649 veteres
747 612 938 660 agitantur
967 612 1062 650 orni.

357 676 462 723 Quid
490 677 537 714 sit
565 676 730 714 futurum
759 689 851 722 cras,
882 676 969 725 fuge
998 688 1177 726 quaerere
1205 683 1251 722 et,

359 741 487 788 Quem
517 740 612 778 Fors
642 741 788 778 dierum
819 753 968 790 cunque
1000 741 1114 787 dabit,
1145 740 1248 778 lucro

410 807 589 855 Appone,
619 817 691 842 nec
721 805 850 842 dulces
881 817 1033 843 amores

467 870 612 919 Sperne
641 882 746 919 puer,
777 881 900 918 neque
929 877 970 906 tu
998 869 1168 916 choreas,

302 938 305 972 ἶ
358 934 495 972 Donec
523 935 653 971 virenti
682 934 837 971 canities
865 934 972 971 abest

359 999 527 1037 Morosa.
584 998 700 1035 Nunc
729 1005 766 1034 et
794 1010 953 1047 campus
982 1004 1018 1035 et
1048 1010 1158 1036 areae

414 1064 617 1113 Lenesque
648 1063 719 1100 sub
747 1069 902 1098 noctem
932 1063 1071 1099 susurri

469 1128 693 1177 Composita
716 1133 931 1176 repetantur
959 1127 1079 1173 hora3

363 1193 478 1231 Nunc
508 1200 546 1230 et
572 1192 720 1230 latentis
751 1191 920 1240 proditor
950 1191 1083 1228 intimo

365 1258 506 1297 Gratus
535 1257 682 1307 puellae
710 1256 804 1292 risus
833 1256 881 1292 ab
912 1255 1052 1304 angulo

418 1323 638 1372 Pignusque
669 1322 866 1369 dereptum
895 1320 1044 1358 lacertis

472 1387 550 1425 Aut
578 1387 695 1436 digito
724 1386 821 1422 male
850 1385 1042 1435 pertinaci,

669 1672 802 1712 ODE
839 1672 887 1711 X.

315 1797 511 1841 MERCURI,
541 1795 701 1833 facunde
731 1806 853 1843 nepos
877 1793 1050 1838 Atlantis,

316 1861 395 1907 Qui
422 1860 522 1898 feros
550 1860 670 1896 cultus
697 1858 895 1895 hominum
924 1866 1118 1895 recentum

316 1926 424 1963 Voce
454 1924 626 1962 formasti
655 1929 759 1961 catus
788 1930 824 1959 et
852 1923 1011 1959 decorae

423 1989 534 2027 More
563 1989 781 2038 palaestrae,

318 2055 377 2093 Te
405 2067 550 2100 canam,
579 2054 707 2103 magni
735 2053 837 2090 Iovis
866 2058 901 2088 et
924 2051 1082 2089 deorum

317 2120 505 2158 Nuntium
534 2130 741 2167 curvaeque
770 2118 869 2164 lyrae
897 2123 1106 2165 parentem,

319 2185 516 2230 Callidum,
546 2183 728 2233 quidquid
756 2171 907 2232 placuitj
934 2181 1066 2218 iocoso

425 2248 600 2287 Condere
629 2248 737 2285 furto.

1349 498 1387 518 10

1351 819 1388 850 15

1354 1142 1394 1164 20
