1507 2427
504 58 600 91 LIB.
619 58 685 92 IV.
728 58 801 90 OD.
821 58 923 91 XIV.

257 163 361 211 Quid
390 162 512 200 Marte
542 175 687 212 posses.
744 161 867 199 Milite
897 173 987 198 nam
1014 167 1081 198 tuo

255 229 404 267 Drusus
434 228 655 274 Genaunos,
685 227 930 277 implacidum
958 237 1090 275 genus,

308 293 558 342 Breunosque
587 292 737 329 veloces
767 298 802 329 et
826 303 930 328 arces

362 359 525 407 Alpibus
555 358 753 407 impositas
782 356 987 394 tremendis

255 428 404 466 Deiecit
433 441 520 466 acer
547 428 633 477 plus
664 428 746 464 vice
777 427 965 476 simplici3

255 493 382 531 Maior
411 493 610 530 Neronum
640 504 732 529 mox
761 505 874 541 grave
903 490 1090 540 proelium

311 557 512 596 Commisit
540 558 806 606 immanesque
838 557 982 594 Raetos

361 623 554 672 Auspiciis
584 622 730 673 pepulit
760 622 947 667 secundis,

258 693 497 743 Spectandus
527 693 564 729 in
595 692 800 729 certamine
831 691 985 738 Martio,

254 758 405 797 Devota
434 759 546 796 morti
576 765 732 807 pectora
761 758 902 794 liberae

310 823 474 870 Quantis
504 823 679 871 fatigaret
706 823 845 868 ruinis;

363 888 578 926 Indomitas
608 899 730 936 prope
761 887 882 936 qualis
911 886 1034 924 undas

254 959 416 997 Exercet
445 959 596 1004 Auster,
626 957 826 995 Pleiadum
855 956 974 1002 choro

258 1024 462 1063 Scindente
492 1024 623 1069 nubes,
653 1023 815 1071 impiger
843 1022 1012 1059 hostium

310 1089 460 1126 Vexare
489 1095 631 1125 turmas
661 1094 697 1125 et
725 1087 952 1124 frementem

363 1154 516 1191 Mittere
547 1165 688 1202 equum
717 1152 866 1190 medios
894 1163 963 1200 per
992 1152 1112 1200 ignes.

259 1224 321 1261 Sic
350 1223 581 1261 tauriformis
609 1222 768 1259 volvitur
796 1221 968 1266 Aufidus,

259 1289 335 1335 Qui
364 1300 482 1337 regna
510 1287 638 1324 Dauni
667 1287 841 1336 praefluit
871 1286 995 1335 Apuli,

311 1354 411 1392 Cum
441 1354 558 1391 saevit
586 1352 894 1400 horrendamque
924 1351 1032 1389 cultis

366 1419 556 1456 Diluviem
584 1417 787 1454 meditatur
817 1416 930 1466 agris,

259 1489 312 1527 Ut
340 1490 589 1526 barbarorum
620 1487 802 1525 Claudius
831 1488 987 1536 agmina

260 1555 414 1593 Ferrata
442 1561 548 1592 vasto
578 1554 690 1591 diruit
718 1554 865 1602 impetu

315 1621 542 1669 Primosque
573 1627 609 1657 et
637 1626 829 1656 extremos
858 1618 1039 1656 metendo

369 1685 504 1723 Stravit
533 1685 692 1722 humum
722 1684 803 1722 sine
833 1684 941 1721 clade
970 1683 1101 1730 victor,

261 1754 321 1793 Te
351 1756 495 1804 copias,
525 1761 561 1792 te
591 1754 792 1792 consilium
823 1759 860 1790 et
888 1760 976 1790 tuos

262 1820 474 1858 Praebente
505 1821 621 1857 divos.
680 1818 784 1856 Nam
813 1818 891 1864 tibi,
922 1829 999 1866 quo
1031 1817 1091 1854 die

317 1886 455 1924 Portus
485 1886 727 1923 Alexandrea
757 1884 918 1934 supplex

369 1952 420 1989 Et
449 1964 609 1988 vacuam
637 1950 816 2000 patefecit
845 1950 982 1997 aulam,

264 2023 434 2060 Fortuna
462 2023 578 2060 lustro
608 2033 793 2071 prospera
822 2022 931 2058 tertio

265 2087 359 2125 Belli
389 2089 580 2126 secundos
609 2086 772 2125 reddidit
803 2086 936 2132 exitus,

319 2152 568 2202 Laudemque
599 2159 635 2189 et
664 2158 838 2201 optatum
866 2151 1028 2201 peractis

373 2218 548 2268 Imperiis
578 2218 695 2255 decus
730 2218 929 2266 arrogavit.

1271 61 1340 98 127

1305 240 1344 261 10

1305 900 1346 922 20

1279 1896 1352 1929 ⁴35

1312 2233 1353 2263 40
