1507 2427
478 64 572 96 LIB.
592 64 643 95 II.
684 63 759 95 OD.
785 62 885 94 VIII.

540 295 576 333 O
591 295 627 332 D
641 295 674 332 E
712 293 823 333 VIII.

273 418 387 456 ULLA
417 415 447 452 si
477 413 566 451 iuris
597 413 662 450 tibi
691 412 847 462 peierati

275 480 417 524 Poena,
449 479 597 524 Barine,
628 479 821 515 nocuisset
848 489 1029 526 unquam,

276 545 401 581 Dente
431 544 459 580 si
489 544 599 592 nigro
628 543 734 580 fieres
763 543 819 580 vel
848 554 927 580 uno

435 608 602 657 Tui-pior
628 608 760 656 ungui,

277 674 495 711 Crederem.
553 672 629 709 Sed
657 679 708 717 tu,
739 671 849 708 simul
878 671 1051 720 obligasti
1091 692 1099 694 ν

279 738 468 775 Perfidum
497 738 594 774 votis
623 743 745 785 caput,
775 736 950 773 enitescis

278 803 472 840 Pulchrior
500 802 620 838 multo
650 802 905 849 iuvenumque
934 799 1064 850 prodis

435 867 592 904 Publica
621 879 719 903 cura.

276 932 442 982 Expedit
470 932 600 968 matris
629 932 774 968 cineres
803 936 958 979 opertos

277 998 421 1035 Fallere
450 1003 487 1033 et
514 1002 595 1033 toto
624 983 808 1033 taciturna
837 995 960 1032 noctis

281 1063 399 1110 Signa
427 1074 514 1098 cum
544 1060 649 1098 caelo
679 1060 879 1109 gelidaque
908 1059 1014 1096 divos

438 1126 564 1163 Morte
594 1131 772 1162 carentes.

280 1178 406 1228 Ridet
424 1190 511 1234 hoc,
542 1190 709 1238 inquam,
740 1189 874 1227 Venus
902 1189 996 1238 ipsa,
1025 1189 1146 1226 rident

281 1255 481 1304 Simplices
510 1253 726 1302 Nymphae,
755 1253 856 1290 ferus
886 1260 922 1290 et
950 1253 1103 1304 Cupido

280 1320 439 1368 Semper
463 1319 640 1356 ardentes
673 1330 815 1355 acuens
844 1318 998 1366 sagittas

439 1383 537 1422 Cote
566 1390 731 1421 cruenta.

279 1449 403 1495 Adde,
433 1449 537 1498 quod
565 1449 686 1497 pubes
715 1449 780 1485 tibi
810 1449 944 1486 crescit
972 1450 1110 1496 omnis,

282 1515 448 1551 Servitus
476 1514 609 1551 crescit
637 1525 745 1559 nova,
776 1526 847 1551 nec
877 1515 1022 1563 priores

282 1579 429 1628 Impiae
459 1584 601 1616 tectum
631 1578 810 1615 dominae
839 1579 1054 1628 relinquunt

443 1634 572 1691 Saepe
591 1642 731 1679 minati.

281 1708 341 1745 Te
371 1707 446 1744 suis
475 1714 614 1743 matres
643 1713 817 1744 metuunt
846 1707 1025 1754 iuvencis,

281 1772 340 1809 Te
371 1784 480 1809 senes
509 1772 612 1820 parci
640 1772 876 1820 miseraeque
904 1784 1026 1821 nuper

284 1838 464 1887 Virgines
494 1844 646 1885 nuptae,
677 1843 741 1873 tua
769 1849 817 1874 ne
846 1837 1005 1874 retardet

443 1902 547 1939 Aura
575 1901 741 1938 maritos.

1255 66 1304 104 53

1270 1010 1309 1031 10
