1507 2427
541 63 634 94 LIB.
656 63 719 93 IV.
763 62 837 94 OD.
857 63 922 94 IV.

260 166 384 205 Curru
412 164 524 203 ducet
554 165 726 203 Achaico

313 230 522 275 Victorem,
551 242 676 279 neque
706 242 765 267 res
794 229 929 267 bellica
958 229 1080 266 Deliis

260 295 450 334 Ornatum
479 295 577 332 foliis
607 295 757 340 ducem,

313 360 431 406 Quod
460 372 594 408 regum
623 359 787 397 tumidas
816 359 1033 397 contuderit
1063 358 1197 402 minas,

260 425 449 464 Ostendet
478 424 670 473 Capitolio
690 438 698 461 :

314 490 390 527 Sed
419 502 516 539 quae
547 489 670 527 Tibur
699 502 823 539 aquae
852 490 972 527 fertile
1001 488 1215 539 praefluunt

258 555 308 593 Et
337 556 480 604 spissae
510 567 713 592 nemorum
743 566 879 591 comae

312 621 475 670 Fingent
504 620 641 657 Aeolio
673 620 842 657 carmine
872 619 1054 656 nobilem.

258 684 409 723 Rornae
437 685 619 734 principis
649 685 801 722 urbium

311 751 501 799 Dignatur
530 750 684 787 suboles
714 750 812 786 inter
841 748 1026 786 amabiles

256 814 399 852 Vatum
428 827 573 863 ponere
601 826 664 851 me
694 814 846 858 choros,

310 880 362 917 Et
389 881 465 918 iam
493 880 606 917 dente
636 880 762 917 minus
790 878 970 916 mordeor
999 877 1139 914 invido.

259 942 306 989 Ο,
336 944 537 982 testudinis
567 956 703 981 aureae

311 1009 475 1046 Dulcem
504 1022 603 1059 quae
633 1009 842 1058 strepitum,
873 1007 983 1053 Pieri,
1013 1014 1216 1056 temperas,

257 1073 293 1112 O
323 1076 437 1112 mutis
466 1087 621 1124 quoque
650 1075 820 1124 piscibus

310 1139 511 1177 Donatura
539 1140 660 1188 cycni,
691 1139 722 1176 si
750 1139 876 1184 libeat,
908 1149 1057 1183 sonum,

257 1204 403 1242 Totum
432 1205 601 1241 muneris
629 1204 705 1242 hoe
734 1204 787 1240 tui
817 1209 885 1247 est,

311 1269 430 1314 Quod
457 1275 649 1305 monstror
679 1268 798 1316 digito
828 1266 1149 1316 praetereuntium

257 1332 460 1371 Romanae
489 1333 632 1370 fidicen
660 1333 790 1382 lyrae:

311 1397 430 1444 Quod
459 1399 561 1448 spiro
590 1404 628 1436 et
656 1397 804 1447 placeo,
835 1397 866 1435 si
894 1397 1044 1446 placeo,
1075 1402 1183 1433 tuum
1213 1402 1280 1433 est.

594 1686 729 1726 ODE
772 1686 841 1724 IV.

228 1804 231 1805 ⁷
253 1785 427 1832 QUALEM
454 1785 670 1823 ministrum
698 1785 867 1823 fulminis
897 1785 1038 1832 alitem,

254 1851 327 1888 Cui
354 1864 421 1888 rex
450 1851 610 1888 deorum
638 1863 801 1899 regnum
829 1850 868 1887 in
897 1863 986 1888 aves
1015 1862 1132 1900 vagas

306 1916 480 1953 Permisit
510 1922 687 1964 expertus
716 1915 868 1952 fidelem

358 1981 527 2030 Iuppiter
556 1982 595 2017 in
625 1980 853 2028 Ganymede
882 1980 993 2026 flavo,

251 2046 355 2084 Olim
383 2047 553 2082 iuventas
582 2051 618 2082 et
646 2046 788 2094 patrius
818 2045 925 2094 vigor

251 2111 355 2148 Nido
383 2111 557 2148 laborum
586 2111 753 2159 propulit
782 2111 946 2147 inscium

304 2175 499 2224 Vernique
528 2176 604 2212 iarn
633 2175 773 2212 nimbis
801 2175 957 2212 remotis

356 2241 537 2278 Insolitos
567 2240 731 2277 docuere
761 2240 864 2276 nisus

705 2316 718 2340 1

1281 70 1352 104 113

1313 503 1350 524 10

1310 826 1346 857 15

1308 1151 1348 1172 20
