1507 2427
488 65 581 96 LlB.
607 65 637 96 J.
679 65 752 97 OD.
774 65 896 96 XVII.

230 170 362 208 Fertur
391 169 654 216 Prometheus,
685 169 822 207 addere
851 169 1012 218 principi

229 235 341 273 Limo
369 242 522 272 coaetus
553 234 776 283 particulam
805 233 973 283 undique

282 299 498 344 Desectam,
528 305 564 335 et
593 299 715 335 insani
744 299 864 335 leonis

334 363 423 400 Vim
453 363 649 400 stomacho
678 364 901 412 apposuisse
931 368 1071 400 nostro.

229 429 314 466 Irae
343 428 540 478 Thyesten
570 428 684 466 exitio
713 429 817 477 gravi

231 491 400 530 Stravere
431 498 467 529 et
497 492 578 529 altis
603 492 757 529 urbibus
787 492 941 530 ultimae

275 553 426 594 'Stetere
456 569 605 603 causae,
636 569 702 594 cur
730 558 895 606 perirent

334 621 520 658 Funditus
550 622 857 670 imprimeretque
886 622 1003 659 muris

228 685 378 723 Hostile
408 693 569 723 aratrum
598 686 782 723 exercitus
811 686 990 723 insolens.

226 747 439 797 Compesce
468 754 661 785 mentem:
691 760 753 784 me
782 760 935 797 quoque
964 747 1125 796 pectoris

279 812 454 849 Tentavit
484 813 522 849 in
552 812 651 849 dulci
679 813 833 849 iuventa

332 876 469 913 Fervor
497 883 533 914 et
560 877 599 913 in
628 876 766 913 celeres
794 877 946 913 'iambos

226 937 330 975 Misit
359 939 568 985 furentem3
599 951 700 976 nunc
729 950 802 987 ego
831 939 985 976 mitibus

228 1002 381 1040 Mutare
411 1015 552 1052 quaero
582 1004 708 1048 tristia,
739 1003 830 1040 dum
859 1002 950 1039 mihi

278 1067 364 1104 Fias
394 1068 591 1105 recantatis
621 1068 745 1104 amica

330 1131 556 1181 Opprobriis
585 1133 830 1181 animumque
859 1130 1005 1169 reddas.

533 1393 569 1433 O
582 1394 619 1431 D
633 1394 666 1431 E
705 1394 835 1431 XVH.

223 1515 359 1553 VELoX
387 1525 591 1552 amoenum
621 1526 735 1562 saepe
763 1512 992 1550 Lucretilem

222 1580 346 1617 Mutat
375 1580 526 1629 Lycaeo
554 1580 708 1617 Faunus
737 1585 773 1616 et
801 1579 953 1628 igneam

275 1645 455 1682 Defendit
484 1651 667 1682 aestatem
697 1644 849 1693 capellis

326 1709 459 1759 Usque
487 1710 581 1747 meis
610 1709 831 1758 pluviosque
860 1715 1002 1745 ventos.

222 1775 385 1824 Impune
414 1781 535 1810 tutum
563 1786 630 1822 per
658 1785 793 1810 nemus
823 1774 977 1809 arbutos

221 1838 420 1886 Quaerunt
449 1839 609 1875 latentes
638 1845 674 1875 et
703 1837 833 1887 thyma
863 1837 994 1875 deviae

276 1904 422 1943 Olentis
451 1916 589 1944 uxores
617 1903 840 1949 mariti,
966 1940 969 1941 γ

329 1965 411 2004 Nec
439 1966 572 2003 virides
601 1971 773 2002 metuunt
802 1964 988 2008 colubras,

223 2030 306 2069 Nec
335 2031 525 2068 Martiales
555 2029 753 2067 Haediliae
781 2029 905 2077 lupos,

222 2095 427 2145 Utcunque
457 2096 566 2141 dulci,
598 2095 780 2145 Tyndari,
810 2093 934 2131 fistula

275 2160 403 2198 Valles
432 2167 469 2198 et
496 2159 651 2198 Usticae
680 2159 879 2197 cubantis*

328 2224 444 2262 Levia
471 2236 701 2277 personuere
731 2235 832 2262 saxa.

1272 75 1316 108 29

1276 637 1313 657 20

1269 2109 1306 2130 10
