1507 2427
180 101 227 139 52

534 91 574 123 H
577 91 668 123 ΘΚΑ
679 89 751 120 TII
779 85 1052 120 CARMJNUM

677 253 712 291 O
726 253 762 291 D
775 252 809 289 E
845 251 933 288 VII.

399 379 434 419 O
462 391 576 417 SAEPE
606 388 758 414 mecum
787 381 938 423 tempus
966 373 1004 409 in
1033 370 1206 408 ultimum

398 445 575 483 Deducte
604 442 722 478 Bruto
751 440 904 477 militiae
935 439 1042 483 duce,

453 509 551 555 Quis
580 514 616 544 te
643 505 840 543 redonavit
870 503 1057 549 Quiritem

508 572 579 609 Dis
607 571 734 620 patriis
763 569 935 617 Italoque
965 567 1081 611 caelo,

403 637 564 687 Pompei
591 646 765 673 meorum
794 635 914 684 prime
943 632 1158 670 sodalium?

405 703 506 742 Cum
534 713 611 751 quo
640 707 854 737 morantem
884 710 997 746 saepe
1026 697 1127 734 diem
1156 704 1263 730 mero

458 767 571 815 Fregi
600 770 805 803 coronatus
833 764 998 800 nitentes

514 830 759 868 Malobathro
790 829 898 878 Syrio
927 827 1095 876 capillos.

408 899 560 936 Tecum
588 895 784 945 Philippos
808 902 845 932 et
874 894 1035 931 celerem
1064 891 1196 940 fugam

412 963 521 1000 Sensi
549 961 677 998 relicta
706 972 786 996 non
814 959 913 995 bene
941 956 1125 1006 parmula,

463 1026 564 1064 Cum
594 1025 710 1062 fracta
738 1025 852 1060 virtus
882 1029 918 1059 et
946 1022 1120 1058 minaces

517 1091 649 1139 Turpe
677 1089 802 1126 solum
830 1088 986 1135 tetigere
1015 1091 1157 1122 mento.

415 1156 491 1195 Sed
519 1168 581 1193 me
609 1167 678 1204 per
707 1154 838 1191 hostes
867 1150 1080 1189 Mercurius
1109 1148 1211 1186 celer

413 1222 548 1258 Denso
577 1225 781 1269 paventem
810 1217 956 1254 sustulit
984 1219 1095 1259 ae're;

468 1285 529 1322 Te
562 1296 690 1321 rursus
717 1283 756 1320 in
784 1281 927 1319 bellum
954 1280 1158 1317 resorbens

522 1349 638 1386 Unda
666 1348 769 1385 fretis
797 1347 878 1383 tulit
907 1344 1104 1383 aestuosis.

415 1415 521 1464 Ergo
550 1414 759 1462 obligatam
787 1412 904 1450 redde
933 1410 1015 1448 Iovi
1046 1409 1185 1458 dapem

418 1480 630 1529 Longaque
661 1478 803 1515 fessum
831 1476 964 1513 militia
993 1475 1092 1512 latus

470 1545 635 1593 Depone
664 1543 735 1580 sub
763 1542 870 1579 lauru
899 1552 986 1577 mea
1014 1551 1087 1576 nec

526 1609 646 1646 Parce
675 1607 777 1646 cadis
805 1607 872 1644 tibi
902 1605 1110 1643 destinatis.

420 1676 619 1716 Oblivioso
648 1674 743 1712 levia
772 1673 942 1710 Massico

422 1741 575 1780 Ciboria
604 1739 714 1788 exple
731 1751 740 1784 3
780 1738 896 1775 funde
926 1736 1132 1786 capacibus

476 1806 686 1855 Unguenta
715 1804 761 1841 de
790 1802 960 1840 conchis.
1019 1800 1116 1847 Quis
1144 1798 1222 1836 udo

529 1871 796 1919 Deproperare
826 1869 913 1917 apio
944 1879 1108 1904 coronas

426 1936 589 1975 Curatve
612 1935 762 1983 myrto?
801 1945 916 1982 quem
943 1931 1078 1969 Venus
1107 1930 1288 1968 arbitrum

423 2000 537 2039 Dicet
564 2000 746 2037 bibendi?
803 1999 896 2036 Non
925 2009 998 2046 ego
1029 1996 1157 2033 sanius

480 2065 706 2103 Bacchabor
734 2063 904 2100 Edonis:
943 2066 1097 2110 recepto

534 2129 658 2168 Dulce
686 2129 779 2166 mihi
807 2128 928 2165 furere
957 2132 1015 2164 est
1042 2125 1178 2162 amico.
