<?xml version="1.0" encoding="UTF-8"?>
<!DOCTYPE html PUBLIC "-//W3C//DTD XHTML 1.0 Transitional//EN"
    "http://www.w3.org/TR/xhtml1/DTD/xhtml1-transitional.dtd">
<html xmlns="http://www.w3.org/1999/xhtml" xml:lang="en" lang="en">
 <head>
  <title>
</title>
<meta http-equiv="Content-Type" content="text/html;charset=utf-8" />
  <meta name='ocr-system' content='tesseract 3.04.00' />
  <meta name='ocr-capabilities' content='ocr_page ocr_carea ocr_par ocr_line ocrx_word'/>
</head>
<body>
  <div class='ocr_page' id='page_1' title='image "./quintihoratiifl01horauoft_0168.png"; bbox 0 0 1507 2427; ppageno 0'>
   <div class='ocr_carea' id='block_1_1' title="bbox 152 67 1102 113">
    <p class='ocr_par' dir='ltr' id='par_1_1' title="bbox 152 67 1102 113">
     <span class='ocr_line' id='line_1_1' title="bbox 152 67 1102 113; baseline -0.004 -11"><span class='ocrx_word' id='word_1_1' title='bbox 152 77 222 113; x_wconf 84' lang='lat'>132</span> <span class='ocrx_word' id='word_1_2' title='bbox 495 67 883 99; x_wconf 80' lang='lat' dir='ltr'><em>INTRODUCTJON</em></span> <span class='ocrx_word' id='word_1_3' title='bbox 910 67 969 99; x_wconf 89' lang='lat' dir='ltr'>TO</span> <span class='ocrx_word' id='word_1_4' title='bbox 1003 68 1102 98; x_wconf 86' lang='lat' dir='ltr'>THE</span> 
     </span>
    </p>
   </div>
   <div class='ocr_carea' id='block_1_2' title="bbox 374 216 1233 262">
    <p class='ocr_par' dir='ltr' id='par_1_2' title="bbox 374 216 1233 262">
     <span class='ocr_line' id='line_1_2' title="bbox 374 216 1233 262; baseline 0.001 -12"><span class='ocrx_word' id='word_1_5' title='bbox 374 217 541 251; x_wconf 77' lang='lat' dir='ltr'><em>Account</em></span> <span class='ocrx_word' id='word_1_6' title='bbox 558 217 603 262; x_wconf 73' lang='lat' dir='ltr'>qf</span> <span class='ocrx_word' id='word_1_7' title='bbox 610 216 670 250; x_wconf 67' lang='lat' dir='ltr'>tlte</span> <span class='ocrx_word' id='word_1_8' title='bbox 688 216 920 260; x_wconf 81' lang='lat' dir='ltr'><em>Ceremonies,</em></span> <span class='ocrx_word' id='word_1_9' title='bbox 928 217 1035 261; x_wconf 74' lang='lat' dir='ltr'><em>from</em></span> <span class='ocrx_word' id='word_1_10' title='bbox 1053 217 1233 252; x_wconf 74' lang='lat' dir='ltr'><em>Zosimus.</em></span> 
     </span>
    </p>
   </div>
   <div class='ocr_carea' id='block_1_3' title="bbox 149 334 1498 2238">
    <p class='ocr_par' dir='ltr' id='par_1_3' title="bbox 149 334 1498 2238">
     <span class='ocr_line' id='line_1_3' title="bbox 195 334 1461 382; baseline -0.001 -10"><span class='ocrx_word' id='word_1_11' title='bbox 195 340 352 372; x_wconf 82' lang='grc' dir='ltr'>Τοιοῦτος</span> <span class='ocrx_word' id='word_1_12' title='bbox 378 337 415 370; x_wconf 82' lang='grc' dir='ltr'>δέ</span> <span class='ocrx_word' id='word_1_13' title='bbox 439 350 488 371; x_wconf 87' lang='grc' dir='ltr'>τις</span> <span class='ocrx_word' id='word_1_14' title='bbox 513 337 530 368; x_wconf 92' lang='grc' dir='ltr'>ὁ</span> <span class='ocrx_word' id='word_1_15' title='bbox 555 337 681 378; x_wconf 87' lang='grc' dir='ltr'>τρόπος</span> <span class='ocrx_word' id='word_1_16' title='bbox 702 334 953 380; x_wconf 80' lang='grc' dir='ltr'>’ἀναγέγραπται</span> <span class='ocrx_word' id='word_1_17' title='bbox 971 337 1028 378; x_wconf 84' lang='grc' dir='ltr'>τῆς</span> <span class='ocrx_word' id='word_1_18' title='bbox 1050 336 1177 380; x_wconf 82' lang='grc' dir='ltr'>ἑορτῆς.</span> <span class='ocrx_word' id='word_1_19' title='bbox 1217 338 1405 382; x_wconf 80' lang='grc' dir='ltr'>Περιῖόντες</span> <span class='ocrx_word' id='word_1_20' title='bbox 1430 338 1461 371; x_wconf 80' lang='grc' dir='ltr'>οἱ</span> 
     </span>
     <span class='ocr_line' id='line_1_4' title="bbox 150 392 1462 441; baseline -0.001 -12"><span class='ocrx_word' id='word_1_21' title='bbox 150 397 286 441; x_wconf 73' lang='grc' dir='ltr'>κήρυκες</span> <span class='ocrx_word' id='word_1_22' title='bbox 320 396 366 429; x_wconf 87' lang='grc' dir='ltr'>εἰς</span> <span class='ocrx_word' id='word_1_23' title='bbox 393 394 452 437; x_wconf 86' lang='grc' dir='ltr'>τὴν</span> <span class='ocrx_word' id='word_1_24' title='bbox 482 393 599 437; x_wconf 78' lang='grc' dir='ltr'>ἑορτὴν</span> <span class='ocrx_word' id='word_1_25' title='bbox 629 392 776 426; x_wconf 83' lang='grc' dir='ltr'>συνιέναι</span> <span class='ocrx_word' id='word_1_26' title='bbox 802 393 927 427; x_wconf 80' lang='grc' dir='ltr'>πάντας</span> <span class='ocrx_word' id='word_1_27' title='bbox 952 393 1105 427; x_wconf 81' lang='grc' dir='ltr'>ἐκέλευον</span> <span class='ocrx_word' id='word_1_28' title='bbox 1129 394 1184 428; x_wconf 84' lang='grc' dir='ltr'>ἐπὶ</span> <span class='ocrx_word' id='word_1_29' title='bbox 1209 394 1298 437; x_wconf 86' lang='grc' dir='ltr'>θέαν,</span> <span class='ocrx_word' id='word_1_30' title='bbox 1324 394 1362 437; x_wconf 88' lang='grc' dir='ltr'>ἣν</span> <span class='ocrx_word' id='word_1_31' title='bbox 1387 397 1462 429; x_wconf 76' lang='grc' dir='ltr'>οὔτε</span> 
     </span>
     <span class='ocr_line' id='line_1_5' title="bbox 149 450 1464 499; baseline -0.002 -10"><span class='ocrx_word' id='word_1_32' title='bbox 149 457 314 499; x_wconf 88' lang='grc' dir='ltr'>πρότερον</span> <span class='ocrx_word' id='word_1_33' title='bbox 339 450 438 494; x_wconf 79' lang='grc' dir='ltr'>εἶδον,</span> <span class='ocrx_word' id='word_1_34' title='bbox 457 454 532 485; x_wconf 80' lang='grc' dir='ltr'>οὕτε</span> <span class='ocrx_word' id='word_1_35' title='bbox 556 451 639 494; x_wconf 87' lang='grc' dir='ltr'>μετὰ</span> <span class='ocrx_word' id='word_1_36' title='bbox 663 453 766 484; x_wconf 88' lang='grc' dir='ltr'>ταῦτα</span> <span class='ocrx_word' id='word_1_37' title='bbox 792 451 981 485; x_wconf 86' lang='grc' dir='ltr'>θεάσονται.</span> <span class='ocrx_word' id='word_1_38' title='bbox 1032 452 1125 485; x_wconf 83' lang='grc' dir='ltr'>Κατὰ</span> <span class='ocrx_word' id='word_1_39' title='bbox 1151 452 1186 485; x_wconf 79' lang='grc' dir='ltr'>δὲ</span> <span class='ocrx_word' id='word_1_40' title='bbox 1211 452 1271 495; x_wconf 87' lang='grc' dir='ltr'>τὴν</span> <span class='ocrx_word' id='word_1_41' title='bbox 1295 453 1384 497; x_wconf 87' lang='grc' dir='ltr'>ὥραν</span> <span class='ocrx_word' id='word_1_42' title='bbox 1403 455 1464 486; x_wconf 75' lang='grc' dir='ltr'>τοῦ</span> 
     </span>
     <span class='ocr_line' id='line_1_6' title="bbox 151 507 1464 556; baseline -0.002 -11"><span class='ocrx_word' id='word_1_43' title='bbox 151 513 279 556; x_wconf 83' lang='grc' dir='ltr'>θέρους,</span> <span class='ocrx_word' id='word_1_44' title='bbox 296 512 362 556; x_wconf 82' lang='grc' dir='ltr'>πρὸ</span> <span class='ocrx_word' id='word_1_45' title='bbox 388 510 517 554; x_wconf 82' lang='grc' dir='ltr'>ἡμερῶν</span> <span class='ocrx_word' id='word_1_46' title='bbox 543 507 667 553; x_wconf 79' lang='grc' dir='ltr'>ὀλίγων</span> <span class='ocrx_word' id='word_1_47' title='bbox 684 510 744 542; x_wconf 84' lang='grc' dir='ltr'>τοῦ</span> <span class='ocrx_word' id='word_1_48' title='bbox 768 508 827 552; x_wconf 84' lang='grc' dir='ltr'>τὴν</span> <span class='ocrx_word' id='word_1_49' title='bbox 848 507 989 552; x_wconf 86' lang='grc' dir='ltr'>θεωρίαν</span> <span class='ocrx_word' id='word_1_50' title='bbox 1006 509 1157 554; x_wconf 79' lang='grc' dir='ltr'>ἀχθῆναι,</span> <span class='ocrx_word' id='word_1_51' title='bbox 1178 509 1214 543; x_wconf 86' lang='grc' dir='ltr'>ἐν</span> <span class='ocrx_word' id='word_1_52' title='bbox 1236 511 1282 556; x_wconf 75' lang='grc' dir='ltr'>τῷ</span> <span class='ocrx_word' id='word_1_53' title='bbox 1304 515 1464 545; x_wconf 85' lang='grc' dir='ltr'>Καπετω-</span> 
     </span>
     <span class='ocr_line' id='line_1_7' title="bbox 151 566 1464 617; baseline -0.002 -13"><span class='ocrx_word' id='word_1_54' title='bbox 151 572 213 617; x_wconf 83' lang='grc' dir='ltr'>λίῳ</span> <span class='ocrx_word' id='word_1_55' title='bbox 243 571 296 603; x_wconf 83' lang='grc' dir='ltr'>καὶ</span> <span class='ocrx_word' id='word_1_56' title='bbox 323 569 357 602; x_wconf 83' lang='grc' dir='ltr'>ἐν</span> <span class='ocrx_word' id='word_1_57' title='bbox 387 569 432 613; x_wconf 74' lang='grc' dir='ltr'>τῷ</span> <span class='ocrx_word' id='word_1_58' title='bbox 461 567 522 613; x_wconf 76' lang='grc' dir='ltr'>νεῴ</span> <span class='ocrx_word' id='word_1_59' title='bbox 549 566 596 612; x_wconf 71' lang='grc' dir='ltr'>τῷ</span> <span class='ocrx_word' id='word_1_60' title='bbox 625 567 707 600; x_wconf 88' lang='grc' dir='ltr'>κατὰ</span> <span class='ocrx_word' id='word_1_61' title='bbox 735 566 773 599; x_wconf 86' lang='grc' dir='ltr'>τὸ</span> <span class='ocrx_word' id='word_1_62' title='bbox 800 567 972 600; x_wconf 84' lang='grc' dir='ltr'>Παλάτιον</span> <span class='ocrx_word' id='word_1_63' title='bbox 1001 568 1032 600; x_wconf 83' lang='grc' dir='ltr'>οἱ</span> <span class='ocrx_word' id='word_1_64' title='bbox 1061 567 1238 601; x_wconf 83' lang='grc' dir='ltr'>δεκαπέντε</span> <span class='ocrx_word' id='word_1_65' title='bbox 1264 567 1382 612; x_wconf 75' lang='grc' dir='ltr'>ἅνδρες</span> <span class='ocrx_word' id='word_1_66' title='bbox 1410 567 1464 601; x_wconf 78' lang='grc' dir='ltr'>ἐπὶ</span> 
     </span>
     <span class='ocr_line' id='line_1_8' title="bbox 150 623 1466 672; baseline -0.002 -11"><span class='ocrx_word' id='word_1_67' title='bbox 150 628 301 672; x_wconf 79' lang='grc' dir='ltr'>βήματος</span> <span class='ocrx_word' id='word_1_68' title='bbox 326 625 501 669; x_wconf 65' lang='grc' dir='ltr'>καθήμενοι</span> <span class='ocrx_word' id='word_1_69' title='bbox 526 624 572 670; x_wconf 77' lang='grc' dir='ltr'>τῷ</span> <span class='ocrx_word' id='word_1_70' title='bbox 598 623 689 670; x_wconf 75' lang='grc' dir='ltr'>δήμῳ</span> <span class='ocrx_word' id='word_1_71' title='bbox 714 624 907 668; x_wconf 75' lang='grc' dir='ltr'>διανέμουσι</span> <span class='ocrx_word' id='word_1_72' title='bbox 933 625 973 659; x_wconf 86' lang='grc' dir='ltr'>τὰ</span> <span class='ocrx_word' id='word_1_73' title='bbox 999 625 1175 670; x_wconf 81' lang='grc' dir='ltr'>καθάρσια·</span> <span class='ocrx_word' id='word_1_74' title='bbox 1209 628 1313 659; x_wconf 86' lang='grc' dir='ltr'>ταῦτα</span> <span class='ocrx_word' id='word_1_75' title='bbox 1336 624 1372 658; x_wconf 83' lang='grc' dir='ltr'>δέ</span> <span class='ocrx_word' id='word_1_76' title='bbox 1389 625 1466 659; x_wconf 81' lang='grc' dir='ltr'>ἐστι</span> 
     </span>
     <span class='ocr_line' id='line_1_9' title="bbox 152 681 1466 730; baseline -0.002 -11"><span class='ocrx_word' id='word_1_77' title='bbox 152 686 251 730; x_wconf 78' lang='grc' dir='ltr'>δᾷδες</span> <span class='ocrx_word' id='word_1_78' title='bbox 268 685 320 718; x_wconf 81' lang='grc' dir='ltr'>καὶ</span> <span class='ocrx_word' id='word_1_79' title='bbox 338 684 427 717; x_wconf 77' lang='grc' dir='ltr'>θεῖον</span> <span class='ocrx_word' id='word_1_80' title='bbox 448 683 500 716; x_wconf 81' lang='grc' dir='ltr'>καὶ</span> <span class='ocrx_word' id='word_1_81' title='bbox 518 682 710 726; x_wconf 76' lang='grc' dir='ltr'>ἶίσφαλτος·</span> <span class='ocrx_word' id='word_1_82' title='bbox 739 681 855 715; x_wconf 85' lang='grc' dir='ltr'>δοῦλοι</span> <span class='ocrx_word' id='word_1_83' title='bbox 879 682 915 715; x_wconf 79' lang='grc' dir='ltr'>δέ</span> <span class='ocrx_word' id='word_1_84' title='bbox 938 682 1064 717; x_wconf 85' lang='grc' dir='ltr'>τούτων</span> <span class='ocrx_word' id='word_1_85' title='bbox 1085 683 1123 717; x_wconf 79' lang='grc' dir='ltr'>οὗ</span> <span class='ocrx_word' id='word_1_86' title='bbox 1145 684 1357 728; x_wconf 83' lang='grc' dir='ltr'>μετέχουσιν,</span> <span class='ocrx_word' id='word_1_87' title='bbox 1376 682 1466 716; x_wconf 81' lang='grc' dir='ltr'>ἀλλὰ</span> 
     </span>
     <span class='ocr_line' id='line_1_10' title="bbox 153 739 1466 786; baseline -0.001 -9"><span class='ocrx_word' id='word_1_88' title='bbox 153 743 323 786; x_wconf 80' lang='grc' dir='ltr'>ἐλεύθεροι</span> <span class='ocrx_word' id='word_1_89' title='bbox 340 743 448 785; x_wconf 87' lang='grc' dir='ltr'>μόνοι.</span> <span class='ocrx_word' id='word_1_90' title='bbox 499 740 722 774; x_wconf 81' lang='grc' dir='ltr'>Συνελθόντος</span> <span class='ocrx_word' id='word_1_91' title='bbox 743 740 779 773; x_wconf 82' lang='grc' dir='ltr'>δέ</span> <span class='ocrx_word' id='word_1_92' title='bbox 800 743 859 774; x_wconf 85' lang='grc' dir='ltr'>τοῦ</span> <span class='ocrx_word' id='word_1_93' title='bbox 877 740 982 784; x_wconf 70' lang='grc' dir='ltr'>δῆμου</span> <span class='ocrx_word' id='word_1_94' title='bbox 1004 742 1128 776; x_wconf 90' lang='grc' dir='ltr'>παντὸς</span> <span class='ocrx_word' id='word_1_95' title='bbox 1144 742 1179 774; x_wconf 82' lang='grc' dir='ltr'>ἕν</span> <span class='ocrx_word' id='word_1_96' title='bbox 1196 755 1231 775; x_wconf 92' lang='grc' dir='ltr'>τε</span> <span class='ocrx_word' id='word_1_97' title='bbox 1249 743 1319 775; x_wconf 82' lang='grc' dir='ltr'>τοῖς</span> <span class='ocrx_word' id='word_1_98' title='bbox 1335 739 1466 785; x_wconf 80' lang='grc' dir='ltr'>ῥηθεῖσι</span> 
     </span>
     <span class='ocr_line' id='line_1_11' title="bbox 153 796 1465 845; baseline -0.003 -9"><span class='ocrx_word' id='word_1_99' title='bbox 153 803 269 836; x_wconf 85' lang='grc' dir='ltr'>τόποις</span> <span class='ocrx_word' id='word_1_100' title='bbox 287 801 338 833; x_wconf 85' lang='grc' dir='ltr'>καὶ</span> <span class='ocrx_word' id='word_1_101' title='bbox 356 800 391 832; x_wconf 87' lang='grc' dir='ltr'>ἐν</span> <span class='ocrx_word' id='word_1_102' title='bbox 416 799 461 844; x_wconf 76' lang='grc' dir='ltr'>τῷ</span> <span class='ocrx_word' id='word_1_103' title='bbox 481 798 556 844; x_wconf 76' lang='grc' dir='ltr'>ἱερῷ</span> <span class='ocrx_word' id='word_1_104' title='bbox 574 799 631 841; x_wconf 80' lang='grc' dir='ltr'>τῆς</span> <span class='ocrx_word' id='word_1_105' title='bbox 647 796 855 842; x_wconf 83' lang='grc' dir='ltr'>Ἀρτέμιδος,</span> <span class='ocrx_word' id='word_1_106' title='bbox 874 798 891 832; x_wconf 80' lang='grc' dir='ltr'><strong><em>ὃ</em></strong></span> <span class='ocrx_word' id='word_1_107' title='bbox 911 799 948 833; x_wconf 75' lang='grc' dir='ltr'>ἐν</span> <span class='ocrx_word' id='word_1_108' title='bbox 970 801 1016 844; x_wconf 81' lang='grc' dir='ltr'>τῴ</span> <span class='ocrx_word' id='word_1_109' title='bbox 1035 797 1230 844; x_wconf 80' lang='grc' dir='ltr'>Ἀουεντίνῳ</span> <span class='ocrx_word' id='word_1_110' title='bbox 1254 800 1356 845; x_wconf 80' lang='grc' dir='ltr'>λόφῳ</span> <span class='ocrx_word' id='word_1_111' title='bbox 1374 798 1465 832; x_wconf 88' lang='grc' dir='ltr'>καθί-</span> 
     </span>
     <span class='ocr_line' id='line_1_12' title="bbox 155 855 1466 904; baseline -0.001 -12"><span class='ocrx_word' id='word_1_112' title='bbox 155 860 282 904; x_wconf 87' lang='grc' dir='ltr'>δρυται,</span> <span class='ocrx_word' id='word_1_113' title='bbox 313 859 410 892; x_wconf 83' lang='grc' dir='ltr'>σῖτον</span> <span class='ocrx_word' id='word_1_114' title='bbox 439 856 491 890; x_wconf 87' lang='grc' dir='ltr'>καὶ</span> <span class='ocrx_word' id='word_1_115' title='bbox 521 856 635 899; x_wconf 77' lang='grc' dir='ltr'>κριθὴν</span> <span class='ocrx_word' id='word_1_116' title='bbox 664 855 805 890; x_wconf 79' lang='grc' dir='ltr'>ἕκαστος</span> <span class='ocrx_word' id='word_1_117' title='bbox 833 857 930 901; x_wconf 85' lang='grc' dir='ltr'>φέρει</span> <span class='ocrx_word' id='word_1_118' title='bbox 960 857 1012 890; x_wconf 86' lang='grc' dir='ltr'>καὶ</span> <span class='ocrx_word' id='word_1_119' title='bbox 1042 857 1177 900; x_wconf 88' lang='grc' dir='ltr'>κύαμον.</span> <span class='ocrx_word' id='word_1_120' title='bbox 1228 858 1308 903; x_wconf 88' lang='lat' dir='ltr'>(Cp.</span> <span class='ocrx_word' id='word_1_121' title='bbox 1340 857 1466 902; x_wconf 84' lang='lat' dir='ltr'>Sibyll.</span> 
     </span>
     <span class='ocr_line' id='line_1_13' title="bbox 156 914 1468 960; baseline -0.003 -8"><span class='ocrx_word' id='word_1_122' title='bbox 156 931 186 952; x_wconf 76' lang='lat' dir='ltr'>v.</span> <span class='ocrx_word' id='word_1_123' title='bbox 214 916 283 960; x_wconf 83' lang='lat'>27.)</span> <span class='ocrx_word' id='word_1_124' title='bbox 334 916 398 949; x_wconf 77' lang='grc' dir='ltr'>Καὶ</span> <span class='ocrx_word' id='word_1_125' title='bbox 425 917 496 949; x_wconf 82' lang='grc' dir='ltr'>ταῖς</span> <span class='ocrx_word' id='word_1_126' title='bbox 526 914 668 958; x_wconf 85' lang='grc' dir='ltr'>Μοίραις</span> <span class='ocrx_word' id='word_1_127' title='bbox 697 914 820 957; x_wconf 73' lang='grc' dir='ltr'>ἄγουσι</span> <span class='ocrx_word' id='word_1_128' title='bbox 849 915 1052 960; x_wconf 84' lang='grc' dir='ltr'>παννυχίδας</span> <span class='ocrx_word' id='word_1_129' title='bbox 1085 917 1167 959; x_wconf 86' lang='grc' dir='ltr'>μετὰ</span> <span class='ocrx_word' id='word_1_130' title='bbox 1201 917 1404 959; x_wconf 87' lang='grc' dir='ltr'>σεμνότητος</span> <span class='ocrx_word' id='word_1_131' title='bbox 1432 916 1468 948; x_wconf 84' lang='grc' dir='ltr'>ἐν</span> 
     </span>
     <span class='ocr_line' id='line_1_14' title="bbox 159 970 1470 1020; baseline -0.002 -11"><span class='ocrx_word' id='word_1_132' title='bbox 159 975 266 1020; x_wconf 81' lang='grc' dir='ltr'>(ἐννέα</span> <span class='ocrx_word' id='word_1_133' title='bbox 294 971 443 1017; x_wconf 82' lang='lat' dir='ltr'><strong>Heyne)</strong></span> <span class='ocrx_word' id='word_1_134' title='bbox 471 972 574 1016; x_wconf 71' lang='grc' dir='ltr'>νυξίν.</span> <span class='ocrx_word' id='word_1_135' title='bbox 622 970 824 1007; x_wconf 83' lang='grc' dir='ltr'>Ἐνστάντος</span> <span class='ocrx_word' id='word_1_136' title='bbox 849 972 884 1006; x_wconf 78' lang='grc' dir='ltr'>δὲ</span> <span class='ocrx_word' id='word_1_137' title='bbox 909 976 969 1007; x_wconf 87' lang='grc' dir='ltr'>τοῦ</span> <span class='ocrx_word' id='word_1_138' title='bbox 995 975 1118 1018; x_wconf 89' lang='grc' dir='ltr'>χρόνου</span> <span class='ocrx_word' id='word_1_139' title='bbox 1143 975 1201 1016; x_wconf 72' lang='grc' dir='ltr'>τῆς</span> <span class='ocrx_word' id='word_1_140' title='bbox 1226 975 1352 1018; x_wconf 82' lang='grc' dir='ltr'>ἑορτῆς,</span> <span class='ocrx_word' id='word_1_141' title='bbox 1372 972 1411 1018; x_wconf 86' lang='grc' dir='ltr'>ἣν</span> <span class='ocrx_word' id='word_1_142' title='bbox 1433 974 1470 1007; x_wconf 81' lang='grc' dir='ltr'>ἐν</span> 
     </span>
     <span class='ocr_line' id='line_1_15' title="bbox 156 1028 1469 1078; baseline -0.002 -10"><span class='ocrx_word' id='word_1_143' title='bbox 156 1033 269 1078; x_wconf 73' lang='grc' dir='ltr'>τρισὶν</span> <span class='ocrx_word' id='word_1_144' title='bbox 286 1031 422 1076; x_wconf 84' lang='grc' dir='ltr'>ἡμέραις</span> <span class='ocrx_word' id='word_1_145' title='bbox 440 1030 474 1064; x_wconf 81' lang='grc' dir='ltr'>ἐν</span> <span class='ocrx_word' id='word_1_146' title='bbox 491 1032 537 1075; x_wconf 80' lang='grc' dir='ltr'>τῷ</span> <span class='ocrx_word' id='word_1_147' title='bbox 555 1028 755 1072; x_wconf 74' lang='grc' dir='ltr'>τοῦ”Αρεως</span> <span class='ocrx_word' id='word_1_148' title='bbox 772 1030 966 1065; x_wconf 81' lang='grc' dir='ltr'>ἐπιτελοῦσι</span> <span class='ocrx_word' id='word_1_149' title='bbox 983 1031 1097 1078; x_wconf 71' lang='grc' dir='ltr'>πεδίῳ,</span> <span class='ocrx_word' id='word_1_150' title='bbox 1117 1032 1168 1066; x_wconf 83' lang='grc' dir='ltr'>καὶ</span> <span class='ocrx_word' id='word_1_151' title='bbox 1189 1033 1260 1066; x_wconf 83' lang='grc' dir='ltr'>ταῖς</span> <span class='ocrx_word' id='word_1_152' title='bbox 1276 1030 1367 1066; x_wconf 81' lang='grc' dir='ltr'>ἰ’σαις</span> <span class='ocrx_word' id='word_1_153' title='bbox 1384 1032 1469 1076; x_wconf 81' lang='grc' dir='ltr'>νυξί,</span> 
     </span>
     <span class='ocr_line' id='line_1_16' title="bbox 158 1086 1469 1136; baseline -0.002 -11"><span class='ocrx_word' id='word_1_154' title='bbox 158 1092 351 1136; x_wconf 85' lang='grc' dir='ltr'>καθιεροῦτο</span> <span class='ocrx_word' id='word_1_155' title='bbox 376 1089 417 1122; x_wconf 88' lang='grc' dir='ltr'>τὰ</span> <span class='ocrx_word' id='word_1_156' title='bbox 443 1086 625 1131; x_wconf 87' lang='grc' dir='ltr'>τελούμενα</span> <span class='ocrx_word' id='word_1_157' title='bbox 650 1089 739 1132; x_wconf 86' lang='grc' dir='ltr'>παρὰ</span> <span class='ocrx_word' id='word_1_158' title='bbox 764 1088 823 1131; x_wconf 80' lang='grc' dir='ltr'>τὴν</span> <span class='ocrx_word' id='word_1_159' title='bbox 848 1087 953 1133; x_wconf 76' lang='grc' dir='ltr'>ὄχθην</span> <span class='ocrx_word' id='word_1_160' title='bbox 977 1091 1036 1122; x_wconf 85' lang='grc' dir='ltr'>τοῦ</span> <span class='ocrx_word' id='word_1_161' title='bbox 1063 1089 1255 1134; x_wconf 77' lang='grc' dir='ltr'>Θύμβριδος</span> <span class='ocrx_word' id='word_1_162' title='bbox 1277 1090 1313 1123; x_wconf 82' lang='grc' dir='ltr'>ἐν</span> <span class='ocrx_word' id='word_1_163' title='bbox 1337 1089 1383 1135; x_wconf 76' lang='grc' dir='ltr'>τῷ</span> <span class='ocrx_word' id='word_1_164' title='bbox 1403 1090 1469 1122; x_wconf 87' lang='grc' dir='ltr'>Τά-</span> 
     </span>
     <span class='ocr_line' id='line_1_17' title="bbox 158 1143 1471 1194; baseline -0.003 -10"><span class='ocrx_word' id='word_1_165' title='bbox 158 1164 263 1194; x_wconf 90' lang='grc' dir='ltr'>ραντι.</span> <span class='ocrx_word' id='word_1_166' title='bbox 314 1146 442 1180; x_wconf 75' lang='grc' dir='ltr'>Θύουσι</span> <span class='ocrx_word' id='word_1_167' title='bbox 469 1144 504 1178; x_wconf 77' lang='grc' dir='ltr'>δὲ</span> <span class='ocrx_word' id='word_1_168' title='bbox 529 1145 628 1187; x_wconf 83' lang='grc' dir='ltr'>θεοῖς,</span> <span class='ocrx_word' id='word_1_169' title='bbox 654 1144 711 1178; x_wconf 80' lang='grc' dir='ltr'>Διῒ</span> <span class='ocrx_word' id='word_1_170' title='bbox 733 1145 786 1178; x_wconf 86' lang='grc' dir='ltr'>καὶ</span> <span class='ocrx_word' id='word_1_171' title='bbox 808 1143 900 1190; x_wconf 64' lang='lat' dir='ltr'>“Hpq</span> <span class='ocrx_word' id='word_1_172' title='bbox 927 1147 979 1180; x_wconf 85' lang='grc' dir='ltr'>καὶ</span> <span class='ocrx_word' id='word_1_173' title='bbox 996 1145 1187 1181; x_wconf 82' lang='grc' dir='ltr'>Ἀπόλλωνι</span> <span class='ocrx_word' id='word_1_174' title='bbox 1213 1147 1266 1181; x_wconf 85' lang='grc' dir='ltr'>καὶ</span> <span class='ocrx_word' id='word_1_175' title='bbox 1293 1148 1394 1191; x_wconf 82' lang='grc' dir='ltr'>Λητοῖ</span> <span class='ocrx_word' id='word_1_176' title='bbox 1417 1147 1471 1180; x_wconf 87' lang='grc' dir='ltr'>καὶ</span> 
     </span>
     <span class='ocr_line' id='line_1_18' title="bbox 158 1203 1472 1253; baseline -0.003 -11"><span class='ocrx_word' id='word_1_177' title='bbox 158 1206 340 1253; x_wconf 85' lang='grc' dir='ltr'>Ἀρτέμιδι,</span> <span class='ocrx_word' id='word_1_178' title='bbox 369 1205 421 1237; x_wconf 78' lang='grc' dir='ltr'>καὶ</span> <span class='ocrx_word' id='word_1_179' title='bbox 450 1203 594 1246; x_wconf 84' lang='grc' dir='ltr'>προσέτι</span> <span class='ocrx_word' id='word_1_180' title='bbox 621 1217 660 1248; x_wconf 90' lang='grc' dir='ltr'>γε</span> <span class='ocrx_word' id='word_1_181' title='bbox 690 1204 831 1249; x_wconf 85' lang='grc' dir='ltr'>Μοίραις</span> <span class='ocrx_word' id='word_1_182' title='bbox 857 1205 908 1238; x_wconf 80' lang='grc' dir='ltr'>καὶ</span> <span class='ocrx_word' id='word_1_183' title='bbox 937 1204 1138 1240; x_wconf 84' lang='grc' dir='ltr'>Εἷλειθυίαις</span> <span class='ocrx_word' id='word_1_184' title='bbox 1167 1206 1218 1239; x_wconf 83' lang='grc' dir='ltr'>καὶ</span> <span class='ocrx_word' id='word_1_185' title='bbox 1245 1204 1393 1250; x_wconf 81' lang='grc' dir='ltr'>Δήμητρι</span> <span class='ocrx_word' id='word_1_186' title='bbox 1418 1203 1472 1238; x_wconf 81' lang='grc' dir='ltr'>καὶ</span> 
     </span>
     <span class='ocr_line' id='line_1_19' title="bbox 154 1261 1473 1309; baseline -0.002 -10"><span class='ocrx_word' id='word_1_187' title='bbox 154 1266 254 1309; x_wconf 75' lang='grc' dir='ltr'>’Ἅιδῃ</span> <span class='ocrx_word' id='word_1_188' title='bbox 282 1265 334 1297; x_wconf 88' lang='grc' dir='ltr'>καὶ</span> <span class='ocrx_word' id='word_1_189' title='bbox 364 1263 581 1307; x_wconf 83' lang='grc' dir='ltr'>Περσεφόνῃ.</span> <span class='ocrx_word' id='word_1_190' title='bbox 629 1262 675 1305; x_wconf 83' lang='grc' dir='ltr'>Τῇ</span> <span class='ocrx_word' id='word_1_191' title='bbox 706 1261 740 1294; x_wconf 83' lang='grc' dir='ltr'>δέ</span> <span class='ocrx_word' id='word_1_192' title='bbox 770 1263 884 1306; x_wconf 83' lang='grc' dir='ltr'>πρώτῃ</span> <span class='ocrx_word' id='word_1_193' title='bbox 917 1266 982 1296; x_wconf 86' lang='grc' dir='ltr'>τῶν</span> <span class='ocrx_word' id='word_1_194' title='bbox 1015 1263 1161 1307; x_wconf 85' lang='grc' dir='ltr'>θεωριῶν</span> <span class='ocrx_word' id='word_1_195' title='bbox 1193 1263 1284 1296; x_wconf 87' lang='grc' dir='ltr'>νυκτὶ</span> <span class='ocrx_word' id='word_1_196' title='bbox 1317 1262 1473 1307; x_wconf 83' lang='grc' dir='ltr'>δευτέρας</span> 
     </span>
     <span class='ocr_line' id='line_1_20' title="bbox 162 1318 1472 1369; baseline -0.002 -14"><span class='ocrx_word' id='word_1_197' title='bbox 162 1326 248 1369; x_wconf 81' lang='grc' dir='ltr'>ὥρας</span> <span class='ocrx_word' id='word_1_198' title='bbox 265 1323 283 1355; x_wconf 86' lang='grc' dir='ltr'><em>ὁ</em></span> <span class='ocrx_word' id='word_1_199' title='bbox 300 1321 512 1365; x_wconf 77' lang='grc' dir='ltr'>αὐτοκράτωρ</span> <span class='ocrx_word' id='word_1_200' title='bbox 529 1319 583 1353; x_wconf 78' lang='grc' dir='ltr'>ἐπὶ</span> <span class='ocrx_word' id='word_1_201' title='bbox 601 1319 660 1362; x_wconf 81' lang='grc' dir='ltr'>τὴν</span> <span class='ocrx_word' id='word_1_202' title='bbox 682 1318 788 1363; x_wconf 72' lang='grc' dir='ltr'>ὄχθην</span> <span class='ocrx_word' id='word_1_203' title='bbox 804 1321 863 1352; x_wconf 86' lang='grc' dir='ltr'>τοῦ</span> <span class='ocrx_word' id='word_1_204' title='bbox 885 1323 1036 1363; x_wconf 83' lang='grc' dir='ltr'>ποταμοῦ</span> <span class='ocrx_word' id='word_1_205' title='bbox 1055 1324 1154 1363; x_wconf 83' lang='grc' dir='ltr'>τριῶν</span> <span class='ocrx_word' id='word_1_206' title='bbox 1174 1320 1472 1364; x_wconf 84' lang='grc' dir='ltr'>παρασκευασθέν-</span> 
     </span>
     <span class='ocr_line' id='line_1_21' title="bbox 162 1376 1473 1424; baseline -0.005 -7"><span class='ocrx_word' id='word_1_207' title='bbox 162 1397 227 1417; x_wconf 90' lang='grc' dir='ltr'>των</span> <span class='ocrx_word' id='word_1_208' title='bbox 255 1382 379 1424; x_wconf 77' lang='grc' dir='ltr'>βωμῶν</span> <span class='ocrx_word' id='word_1_209' title='bbox 407 1379 496 1421; x_wconf 82' lang='grc' dir='ltr'>τρεῖς</span> <span class='ocrx_word' id='word_1_210' title='bbox 523 1377 624 1421; x_wconf 69' lang='grc' dir='ltr'>ἄρνας</span> <span class='ocrx_word' id='word_1_211' title='bbox 651 1376 721 1410; x_wconf 76' lang='grc' dir='ltr'>θύει</span> <span class='ocrx_word' id='word_1_212' title='bbox 747 1378 829 1421; x_wconf 87' lang='grc' dir='ltr'>μετὰ</span> <span class='ocrx_word' id='word_1_213' title='bbox 858 1381 923 1411; x_wconf 87' lang='grc' dir='ltr'>τῶν</span> <span class='ocrx_word' id='word_1_214' title='bbox 952 1378 1129 1412; x_wconf 85' lang='grc' dir='ltr'>δεκαπέντε</span> <span class='ocrx_word' id='word_1_215' title='bbox 1161 1378 1289 1422; x_wconf 84' lang='grc' dir='ltr'>ἀνδρῶν</span> <span class='ocrx_word' id='word_1_216' title='bbox 1319 1378 1371 1411; x_wconf 83' lang='grc' dir='ltr'>καὶ</span> <span class='ocrx_word' id='word_1_217' title='bbox 1397 1377 1473 1412; x_wconf 77' lang='grc' dir='ltr'>τοὺς</span> 
     </span>
     <span class='ocr_line' id='line_1_22' title="bbox 163 1435 1473 1484; baseline -0.003 -12"><span class='ocrx_word' id='word_1_218' title='bbox 163 1439 298 1484; x_wconf 81' lang='grc' dir='ltr'>βωμοὺς</span> <span class='ocrx_word' id='word_1_219' title='bbox 331 1436 537 1479; x_wconf 81' lang='grc' dir='ltr'>καθαιμάξας</span> <span class='ocrx_word' id='word_1_220' title='bbox 570 1437 748 1470; x_wconf 83' lang='grc' dir='ltr'>ὁλοκαυτοῖ</span> <span class='ocrx_word' id='word_1_221' title='bbox 781 1435 822 1469; x_wconf 82' lang='grc' dir='ltr'>τὰ</span> <span class='ocrx_word' id='word_1_222' title='bbox 864 1435 1003 1480; x_wconf 82' lang='grc' dir='ltr'>θύματα.</span> <span class='ocrx_word' id='word_1_223' title='bbox 1063 1436 1404 1478; x_wconf 85' lang='grc' dir='ltr'>Κατασκευασθείσης</span> <span class='ocrx_word' id='word_1_224' title='bbox 1436 1435 1473 1469; x_wconf 81' lang='grc' dir='ltr'>δέ</span> 
     </span>
     <span class='ocr_line' id='line_1_23' title="bbox 164 1487 1496 1541; baseline -0.002 -12"><span class='ocrx_word' id='word_1_225' title='bbox 164 1498 287 1541; x_wconf 83' lang='grc' dir='ltr'>σκηνῆς</span> <span class='ocrx_word' id='word_1_226' title='bbox 313 1495 405 1538; x_wconf 86' lang='grc' dir='ltr'>δίκην</span> <span class='ocrx_word' id='word_1_227' title='bbox 432 1493 573 1536; x_wconf 86' lang='grc' dir='ltr'>θεάτρου</span> <span class='ocrx_word' id='word_1_228' title='bbox 602 1494 700 1538; x_wconf 84' lang='grc' dir='ltr'>φῶτα</span> <span class='ocrx_word' id='word_1_229' title='bbox 729 1492 908 1527; x_wconf 84' lang='grc' dir='ltr'>ἀνάπτεται</span> <span class='ocrx_word' id='word_1_230' title='bbox 941 1494 993 1527; x_wconf 85' lang='grc' dir='ltr'>καὶ</span> <span class='ocrx_word' id='word_1_231' title='bbox 1019 1495 1118 1537; x_wconf 86' lang='grc' dir='ltr'>πυρά,</span> <span class='ocrx_word' id='word_1_232' title='bbox 1149 1495 1201 1527; x_wconf 79' lang='grc' dir='ltr'>καὶ</span> <span class='ocrx_word' id='word_1_233' title='bbox 1234 1492 1334 1538; x_wconf 73' lang='grc' dir='ltr'>ὕμνος</span> <span class='ocrx_word' id='word_1_234' title='bbox 1359 1487 1496 1538; x_wconf 60' lang='grc' dir='ltr'>ᾇδεταιῙ</span> 
     </span>
     <span class='ocr_line' id='line_1_24' title="bbox 164 1551 1496 1596; baseline -0.006 -4"><span class='ocrx_word' id='word_1_235' title='bbox 164 1556 285 1592; x_wconf 86' lang='grc' dir='ltr'>νεωστὶ</span> <span class='ocrx_word' id='word_1_236' title='bbox 309 1551 541 1595; x_wconf 84' lang='grc' dir='ltr'>πεποιημένος,</span> <span class='ocrx_word' id='word_1_237' title='bbox 565 1551 698 1596; x_wconf 85' lang='grc' dir='ltr'>θεωρίαι</span> <span class='ocrx_word' id='word_1_238' title='bbox 724 1565 759 1585; x_wconf 86' lang='grc' dir='ltr'>τε</span> <span class='ocrx_word' id='word_1_239' title='bbox 786 1552 992 1596; x_wconf 83' lang='grc' dir='ltr'>ἱεροπρεπεῖς</span> <span class='ocrx_word' id='word_1_240' title='bbox 1016 1551 1164 1596; x_wconf 80' lang='grc' dir='ltr'>ἰίγονται,</span> <span class='ocrx_word' id='word_1_241' title='bbox 1214 1551 1412 1596; x_wconf 81' lang='grc' dir='ltr'>Κομίζονται</span> <span class='ocrx_word' id='word_1_242' title='bbox 1438 1551 1474 1584; x_wconf 79' lang='grc' dir='ltr'>δὲ</span> <span class='ocrx_word' id='word_1_243' title='bbox 1494 1570 1496 1578; x_wconf 51' lang='lat'><strong>¹</strong></span> 
     </span>
     <span class='ocr_line' id='line_1_25' title="bbox 165 1608 1496 1654; baseline -0.005 -5"><span class='ocrx_word' id='word_1_244' title='bbox 165 1617 196 1649; x_wconf 88' lang='grc' dir='ltr'>οἱ</span> <span class='ocrx_word' id='word_1_245' title='bbox 212 1616 316 1648; x_wconf 86' lang='grc' dir='ltr'>ταῦτα</span> <span class='ocrx_word' id='word_1_246' title='bbox 333 1613 505 1645; x_wconf 79' lang='grc' dir='ltr'>ποιοῦντες</span> <span class='ocrx_word' id='word_1_247' title='bbox 527 1609 651 1653; x_wconf 87' lang='grc' dir='ltr'>μισθὸν</span> <span class='ocrx_word' id='word_1_248' title='bbox 667 1610 726 1644; x_wconf 87' lang='grc' dir='ltr'>τὰς</span> <span class='ocrx_word' id='word_1_249' title='bbox 748 1609 903 1654; x_wconf 81' lang='grc' dir='ltr'>ἀπαρχὰς</span> <span class='ocrx_word' id='word_1_250' title='bbox 925 1613 990 1643; x_wconf 82' lang='grc' dir='ltr'>τῶν</span> <span class='ocrx_word' id='word_1_251' title='bbox 1015 1613 1158 1654; x_wconf 81' lang='grc' dir='ltr'>καρπῶν,</span> <span class='ocrx_word' id='word_1_252' title='bbox 1178 1610 1274 1643; x_wconf 84' lang='grc' dir='ltr'>σίτου</span> <span class='ocrx_word' id='word_1_253' title='bbox 1291 1610 1343 1643; x_wconf 83' lang='grc' dir='ltr'>καὶ</span> <span class='ocrx_word' id='word_1_254' title='bbox 1361 1608 1475 1653; x_wconf 84' lang='grc' dir='ltr'>κριθῆς</span> <span class='ocrx_word' id='word_1_255' title='bbox 1495 1619 1496 1634; x_wconf 76' lang='lat'><em>³</em></span> 
     </span>
     <span class='ocr_line' id='line_1_26' title="bbox 166 1659 1496 1714; baseline -0.005 -7"><span class='ocrx_word' id='word_1_256' title='bbox 166 1674 218 1707; x_wconf 78' lang='grc' dir='ltr'>καὶ</span> <span class='ocrx_word' id='word_1_257' title='bbox 235 1671 375 1714; x_wconf 88' lang='grc' dir='ltr'>κυάμων·</span> <span class='ocrx_word' id='word_1_258' title='bbox 403 1667 498 1702; x_wconf 75' lang='grc' dir='ltr'>αὗται</span> <span class='ocrx_word' id='word_1_259' title='bbox 514 1668 591 1713; x_wconf 85' lang='grc' dir='ltr'>γάρ,</span> <span class='ocrx_word' id='word_1_260' title='bbox 610 1667 653 1702; x_wconf 86' lang='grc' dir='ltr'>ὡς</span> <span class='ocrx_word' id='word_1_261' title='bbox 670 1665 795 1711; x_wconf 80' lang='grc' dir='ltr'>ε’ίρηταί</span> <span class='ocrx_word' id='word_1_262' title='bbox 811 1681 878 1711; x_wconf 90' lang='grc' dir='ltr'>μοι,</span> <span class='ocrx_word' id='word_1_263' title='bbox 893 1667 945 1700; x_wconf 86' lang='grc' dir='ltr'>καὶ</span> <span class='ocrx_word' id='word_1_264' title='bbox 962 1669 1007 1712; x_wconf 77' lang='grc' dir='ltr'>τῷ</span> <span class='ocrx_word' id='word_1_265' title='bbox 1027 1666 1118 1713; x_wconf 74' lang='grc' dir='ltr'>δήμῳ</span> <span class='ocrx_word' id='word_1_266' title='bbox 1135 1667 1231 1701; x_wconf 79' lang='grc' dir='ltr'>παντὶ</span> <span class='ocrx_word' id='word_1_267' title='bbox 1253 1667 1473 1711; x_wconf 82' lang='grc' dir='ltr'>διανέμονται.</span> <span class='ocrx_word' id='word_1_268' title='bbox 1495 1659 1496 1663; x_wconf 22' lang='lat'>¹</span> 
     </span>
     <span class='ocr_line' id='line_1_27' title="bbox 165 1721 1495 1775; baseline -0.003 -12"><span class='ocrx_word' id='word_1_269' title='bbox 165 1731 212 1775; x_wconf 80' lang='grc' dir='ltr'>Τῇ</span> <span class='ocrx_word' id='word_1_270' title='bbox 230 1730 264 1764; x_wconf 79' lang='grc' dir='ltr'>δέ</span> <span class='ocrx_word' id='word_1_271' title='bbox 282 1728 365 1773; x_wconf 86' lang='grc' dir='ltr'>μετὰ</span> <span class='ocrx_word' id='word_1_272' title='bbox 384 1725 504 1769; x_wconf 79' lang='grc' dir='ltr'>ταύτην</span> <span class='ocrx_word' id='word_1_273' title='bbox 522 1725 626 1769; x_wconf 81' lang='grc' dir='ltr'>ἡμέρᾳ</span> <span class='ocrx_word' id='word_1_274' title='bbox 652 1725 697 1760; x_wconf 87' lang='grc' dir='ltr'>εἷς</span> <span class='ocrx_word' id='word_1_275' title='bbox 721 1726 760 1759; x_wconf 86' lang='grc' dir='ltr'>τὸ</span> <span class='ocrx_word' id='word_1_276' title='bbox 785 1726 1000 1759; x_wconf 85' lang='grc' dir='ltr'>Καπετώλιον</span> <span class='ocrx_word' id='word_1_277' title='bbox 1026 1724 1207 1765; x_wconf 80' lang='grc' dir='ltr'>ἀναβάντες</span> <span class='ocrx_word' id='word_1_278' title='bbox 1230 1724 1395 1759; x_wconf 85' lang='grc' dir='ltr'>κάνταῦθα</span> <span class='ocrx_word' id='word_1_279' title='bbox 1418 1721 1495 1771; x_wconf 31' lang='grc' dir='ltr'>τὰςῗ</span> 
     </span>
     <span class='ocr_line' id='line_1_28' title="bbox 166 1782 1495 1832; baseline -0.007 -7"><span class='ocrx_word' id='word_1_280' title='bbox 166 1786 404 1832; x_wconf 84' lang='grc' dir='ltr'>νενομισμένας</span> <span class='ocrx_word' id='word_1_281' title='bbox 432 1783 551 1818; x_wconf 85' lang='grc' dir='ltr'>θυσίας</span> <span class='ocrx_word' id='word_1_282' title='bbox 575 1784 864 1828; x_wconf 82' lang='grc' dir='ltr'>προσαγαγόντες,</span> <span class='ocrx_word' id='word_1_283' title='bbox 891 1782 1042 1816; x_wconf 80' lang='grc' dir='ltr'>ἐντεῦθέν</span> <span class='ocrx_word' id='word_1_284' title='bbox 1067 1797 1103 1816; x_wconf 90' lang='grc' dir='ltr'>τε</span> <span class='ocrx_word' id='word_1_285' title='bbox 1131 1783 1185 1816; x_wconf 81' lang='grc' dir='ltr'>ἐπὶ</span> <span class='ocrx_word' id='word_1_286' title='bbox 1210 1783 1248 1816; x_wconf 86' lang='grc' dir='ltr'>τὸ</span> <span class='ocrx_word' id='word_1_287' title='bbox 1275 1786 1495 1817; x_wconf 56' lang='grc' dir='ltr'>κατεσκευα-Ι</span> 
     </span>
     <span class='ocr_line' id='line_1_29' title="bbox 167 1839 1476 1892; baseline -0.005 -11"><span class='ocrx_word' id='word_1_288' title='bbox 167 1847 292 1892; x_wconf 86' lang='grc' dir='ltr'>σμένον</span> <span class='ocrx_word' id='word_1_289' title='bbox 305 1844 445 1887; x_wconf 87' lang='grc' dir='ltr'>θέατρον</span> <span class='ocrx_word' id='word_1_290' title='bbox 463 1841 619 1876; x_wconf 86' lang='grc' dir='ltr'>ἐλθόντες</span> <span class='ocrx_word' id='word_1_291' title='bbox 635 1842 694 1876; x_wconf 87' lang='grc' dir='ltr'>τὰς</span> <span class='ocrx_word' id='word_1_292' title='bbox 707 1841 846 1885; x_wconf 81' lang='grc' dir='ltr'>θεωρίας</span> <span class='ocrx_word' id='word_1_293' title='bbox 858 1840 1074 1875; x_wconf 81' lang='grc' dir='ltr'>ἐπιτελοῦσιν</span> <span class='ocrx_word' id='word_1_294' title='bbox 1089 1839 1282 1875; x_wconf 83' lang='grc' dir='ltr'>Ἀπόλλωνι</span> <span class='ocrx_word' id='word_1_295' title='bbox 1297 1842 1350 1875; x_wconf 82' lang='grc' dir='ltr'>καὶ</span> <span class='ocrx_word' id='word_1_296' title='bbox 1362 1839 1476 1885; x_wconf 83' lang='grc' dir='ltr'>Ἀρτέ-</span> 
     </span>
     <span class='ocr_line' id='line_1_30' title="bbox 166 1897 1477 1950; baseline -0.005 -11"><span class='ocrx_word' id='word_1_297' title='bbox 166 1905 247 1950; x_wconf 88' lang='grc' dir='ltr'>μιδι.</span> <span class='ocrx_word' id='word_1_298' title='bbox 296 1901 342 1945; x_wconf 87' lang='grc' dir='ltr'><em>Τῇ</em></span> <span class='ocrx_word' id='word_1_299' title='bbox 360 1901 396 1934; x_wconf 79' lang='grc' dir='ltr'>δὲ</span> <span class='ocrx_word' id='word_1_300' title='bbox 414 1900 495 1945; x_wconf 82' lang='grc' dir='ltr'>μετὰ</span> <span class='ocrx_word' id='word_1_301' title='bbox 513 1898 634 1942; x_wconf 83' lang='grc' dir='ltr'>ταύτην</span> <span class='ocrx_word' id='word_1_302' title='bbox 655 1899 758 1943; x_wconf 78' lang='grc' dir='ltr'>ἡμέρᾳ</span> <span class='ocrx_word' id='word_1_303' title='bbox 781 1900 931 1943; x_wconf 86' lang='grc' dir='ltr'>γυναῖκες</span> <span class='ocrx_word' id='word_1_304' title='bbox 953 1898 1112 1942; x_wconf 82' lang='grc' dir='ltr'>ἐπίσημοι</span> <span class='ocrx_word' id='word_1_305' title='bbox 1136 1899 1218 1932; x_wconf 86' lang='grc' dir='ltr'>κατὰ</span> <span class='ocrx_word' id='word_1_306' title='bbox 1242 1898 1299 1942; x_wconf 86' lang='grc' dir='ltr'>τὴν</span> <span class='ocrx_word' id='word_1_307' title='bbox 1320 1899 1419 1943; x_wconf 87' lang='grc' dir='ltr'>ὥραν,</span> <span class='ocrx_word' id='word_1_308' title='bbox 1437 1897 1477 1942; x_wconf 83' lang='grc' dir='ltr'>ἦν</span> 
     </span>
     <span class='ocr_line' id='line_1_31' title="bbox 166 1955 1495 2007; baseline -0.003 -14"><span class='ocrx_word' id='word_1_309' title='bbox 166 1965 184 1996; x_wconf 87' lang='grc' dir='ltr'>ὁ</span> <span class='ocrx_word' id='word_1_310' title='bbox 203 1961 356 2007; x_wconf 75' lang='grc' dir='ltr'>χρησμὸς</span> <span class='ocrx_word' id='word_1_311' title='bbox 380 1959 621 2004; x_wconf 80' lang='grc' dir='ltr'>ὑπηγόρευσεν,</span> <span class='ocrx_word' id='word_1_312' title='bbox 640 1955 686 1991; x_wconf 83' lang='grc' dir='ltr'>εἷς</span> <span class='ocrx_word' id='word_1_313' title='bbox 709 1957 746 1989; x_wconf 87' lang='grc' dir='ltr'>τὸ</span> <span class='ocrx_word' id='word_1_314' title='bbox 771 1957 988 1990; x_wconf 87' lang='grc' dir='ltr'>Καπετώλιον</span> <span class='ocrx_word' id='word_1_315' title='bbox 1011 1956 1239 1990; x_wconf 84' lang='grc' dir='ltr'>συνελθοῦσαι</span> <span class='ocrx_word' id='word_1_316' title='bbox 1263 1955 1495 1990; x_wconf 65' lang='grc' dir='ltr'>λιτανεύουοτ.4</span> 
     </span>
     <span class='ocr_line' id='line_1_32' title="bbox 167 2012 1498 2062; baseline -0.007 -7"><span class='ocrx_word' id='word_1_317' title='bbox 167 2022 225 2054; x_wconf 86' lang='grc' dir='ltr'>τὸν</span> <span class='ocrx_word' id='word_1_318' title='bbox 254 2019 329 2053; x_wconf 85' lang='grc' dir='ltr'>θεὸν</span> <span class='ocrx_word' id='word_1_319' title='bbox 359 2016 411 2050; x_wconf 83' lang='grc' dir='ltr'>καὶ</span> <span class='ocrx_word' id='word_1_320' title='bbox 444 2015 605 2059; x_wconf 78' lang='grc' dir='ltr'>ὑμνοῦσιν</span> <span class='ocrx_word' id='word_1_321' title='bbox 633 2014 677 2048; x_wconf 80' lang='grc' dir='ltr'>ὡς</span> <span class='ocrx_word' id='word_1_322' title='bbox 705 2014 807 2057; x_wconf 85' lang='grc' dir='ltr'>θέμις.</span> <span class='ocrx_word' id='word_1_323' title='bbox 857 2012 985 2057; x_wconf 54' lang='grc' dir='ltr'>(Ημέρᾳ</span> <span class='ocrx_word' id='word_1_324' title='bbox 1016 2013 1052 2046; x_wconf 82' lang='grc' dir='ltr'>δέ</span> <span class='ocrx_word' id='word_1_325' title='bbox 1080 2014 1174 2058; x_wconf 87' lang='grc' dir='ltr'>τρίτῃ</span> <span class='ocrx_word' id='word_1_326' title='bbox 1202 2014 1237 2048; x_wconf 80' lang='grc' dir='ltr'>ἐν</span> <span class='ocrx_word' id='word_1_327' title='bbox 1261 2016 1307 2059; x_wconf 78' lang='grc' dir='ltr'>τῷ</span> <span class='ocrx_word' id='word_1_328' title='bbox 1334 2014 1414 2048; x_wconf 86' lang='grc' dir='ltr'>κατὰ</span> <span class='ocrx_word' id='word_1_329' title='bbox 1439 2013 1498 2062; x_wconf 44' lang='grc' dir='ltr'>τὸἸ</span> 
     </span>
     <span class='ocr_line' id='line_1_33' title="bbox 168 2070 1476 2117; baseline -0.005 -6"><span class='ocrx_word' id='word_1_330' title='bbox 168 2077 342 2111; x_wconf 86' lang='grc' dir='ltr'>Παλάτιον</span> <span class='ocrx_word' id='word_1_331' title='bbox 358 2073 577 2108; x_wconf 83' lang='grc' dir='ltr'>Ἀπόλλωνος</span> <span class='ocrx_word' id='word_1_332' title='bbox 603 2073 678 2117; x_wconf 79' lang='grc' dir='ltr'>ἱερῷ</span> <span class='ocrx_word' id='word_1_333' title='bbox 703 2073 774 2116; x_wconf 81' lang='grc' dir='ltr'>τρὶς</span> <span class='ocrx_word' id='word_1_334' title='bbox 799 2070 892 2104; x_wconf 81' lang='grc' dir='ltr'>ε’ννέα</span> <span class='ocrx_word' id='word_1_335' title='bbox 914 2071 1030 2105; x_wconf 83' lang='grc' dir='ltr'>παῖδες</span> <span class='ocrx_word' id='word_1_336' title='bbox 1052 2071 1225 2116; x_wconf 77' lang='grc' dir='ltr'>ἐπιφανεῖς</span> <span class='ocrx_word' id='word_1_337' title='bbox 1249 2072 1332 2115; x_wconf 88' lang='grc' dir='ltr'>μετὰ</span> <span class='ocrx_word' id='word_1_338' title='bbox 1351 2071 1476 2116; x_wconf 87' lang='grc' dir='ltr'>παρθέ-</span> 
     </span>
     <span class='ocr_line' id='line_1_34' title="bbox 168 2128 1478 2175; baseline -0.004 -6"><span class='ocrx_word' id='word_1_339' title='bbox 168 2148 233 2169; x_wconf 88' lang='grc' dir='ltr'>νων</span> <span class='ocrx_word' id='word_1_340' title='bbox 257 2132 440 2175; x_wconf 76' lang='grc' dir='ltr'>τοσούτων,</span> <span class='ocrx_word' id='word_1_341' title='bbox 465 2130 496 2165; x_wconf 82' lang='grc' dir='ltr'>οἲ</span> <span class='ocrx_word' id='word_1_342' title='bbox 520 2132 640 2166; x_wconf 88' lang='grc' dir='ltr'>πάντες</span> <span class='ocrx_word' id='word_1_343' title='bbox 665 2129 880 2173; x_wconf 82' lang='grc' dir='ltr'>ἀμφιθαλεῖς,</span> <span class='ocrx_word' id='word_1_344' title='bbox 909 2128 990 2171; x_wconf 81' lang='grc' dir='ltr'>ὅπερ</span> <span class='ocrx_word' id='word_1_345' title='bbox 1018 2129 1123 2172; x_wconf 83' lang='grc' dir='ltr'>ἐστίν,</span> <span class='ocrx_word' id='word_1_346' title='bbox 1157 2128 1371 2174; x_wconf 80' lang='grc' dir='ltr'>ἀμφοτέρους</span> <span class='ocrx_word' id='word_1_347' title='bbox 1401 2129 1478 2164; x_wconf 80' lang='grc' dir='ltr'>τοὺς</span> 
     </span>
     <span class='ocr_line' id='line_1_35' title="bbox 169 2184 1478 2238; baseline -0.003 -13"><span class='ocrx_word' id='word_1_348' title='bbox 169 2193 277 2238; x_wconf 72' lang='grc' dir='ltr'>’γονεῖς</span> <span class='ocrx_word' id='word_1_349' title='bbox 294 2191 428 2235; x_wconf 73' lang='grc' dir='ltr'>ἔχοντες</span> <span class='ocrx_word' id='word_1_350' title='bbox 444 2191 630 2232; x_wconf 79' lang='grc' dir='ltr'>περιόντας,</span> <span class='ocrx_word' id='word_1_351' title='bbox 648 2187 769 2231; x_wconf 72' lang='grc' dir='ltr'>ὕμνους</span> <span class='ocrx_word' id='word_1_352' title='bbox 793 2184 915 2232; x_wconf 78' lang='grc' dir='ltr'>ᾄδουσι</span> <span class='ocrx_word' id='word_1_353' title='bbox 938 2187 977 2230; x_wconf 84' lang='grc' dir='ltr'>τῇ</span> <span class='ocrx_word' id='word_1_354' title='bbox 1000 2202 1035 2221; x_wconf 87' lang='grc' dir='ltr'>τε</span> <span class='ocrx_word' id='word_1_355' title='bbox 1052 2185 1224 2231; x_wconf 82' lang='grc' dir='ltr'>Ἑλλήνων</span> <span class='ocrx_word' id='word_1_356' title='bbox 1242 2188 1293 2221; x_wconf 89' lang='grc' dir='ltr'>καὶ</span> <span class='ocrx_word' id='word_1_357' title='bbox 1310 2186 1478 2231; x_wconf 74' lang='grc' dir='ltr'>Ῥωμαίων</span> 
     </span>
    </p>
   </div>
   <div class='ocr_carea' id='block_1_4' title="bbox 727 2245 735 2256">
    <p class='ocr_par' dir='ltr' id='par_1_4' title="bbox 727 2245 735 2256">
     <span class='ocr_line' id='line_1_36' title="bbox 727 2245 735 2256; baseline 0 0"><span class='ocrx_word' id='word_1_358' title='bbox 727 2245 735 2256; x_wconf 78' lang='lat' dir='ltr'><em>e</em></span> 
     </span>
    </p>
   </div>
   <div class='ocr_carea' id='block_1_5' title="bbox 169 2244 1477 2295">
    <p class='ocr_par' dir='ltr' id='par_1_5' title="bbox 169 2244 1477 2295">
     <span class='ocr_line' id='line_1_37' title="bbox 169 2244 1477 2295; baseline -0.004 -12"><span class='ocrx_word' id='word_1_359' title='bbox 169 2250 266 2295; x_wconf 84' lang='grc' dir='ltr'>φωνῇ</span> <span class='ocrx_word' id='word_1_360' title='bbox 284 2250 336 2282; x_wconf 87' lang='grc' dir='ltr'>καὶ</span> <span class='ocrx_word' id='word_1_361' title='bbox 357 2249 507 2291; x_wconf 81' lang='grc' dir='ltr'>παιᾶνας,</span> <span class='ocrx_word' id='word_1_362' title='bbox 531 2245 571 2281; x_wconf 78' lang='grc' dir='ltr'>δι’</span> <span class='ocrx_word' id='word_1_363' title='bbox 596 2247 640 2280; x_wconf 76' lang='grc' dir='ltr'>ὧν</span> <span class='ocrx_word' id='word_1_364' title='bbox 666 2246 699 2279; x_wconf 85' lang='grc' dir='ltr'>αἱ</span> <span class='ocrx_word' id='word_1_365' title='bbox 721 2246 784 2280; x_wconf 87' lang='grc' dir='ltr'>υπὸ</span> <span class='ocrx_word' id='word_1_366' title='bbox 800 2244 972 2289; x_wconf 78' lang='grc' dir='ltr'>Ῥωμαίοις</span> <span class='ocrx_word' id='word_1_367' title='bbox 997 2246 1159 2287; x_wconf 82' lang='grc' dir='ltr'>σώζονται</span> <span class='ocrx_word' id='word_1_368' title='bbox 1177 2246 1303 2280; x_wconf 86' lang='grc' dir='ltr'>πόλεις·</span> <span class='ocrx_word' id='word_1_369' title='bbox 1329 2245 1418 2279; x_wconf 73' lang='grc' dir='ltr'>ἄλλα</span> <span class='ocrx_word' id='word_1_370' title='bbox 1442 2258 1477 2279; x_wconf 89' lang='grc' dir='ltr'>τε</span> 
     </span>
    </p>
   </div>
  </div>
 </body>
</html>
