1507 2427
487 82 580 114 LIB.
602 83 653 113 ll.
696 83 770 114 OD.
791 82 872 114 XX.

220 187 294 224 Fas
323 186 537 236 pervicaces
566 193 623 223 est
652 185 743 222 mihi
772 185 967 234 Thyiadas

220 251 387 299 Vinique
416 250 569 295 fontem,
600 251 705 288 lactis
735 257 772 287 et
800 251 935 287 uberes

273 314 435 352 Cantare
464 315 561 351 rivos
590 320 702 363 atque
731 315 871 352 truncis

325 378 452 428 Lapsa
480 379 581 416 cavis
610 380 742 416 iterare
771 379 903 424 mella;

220 444 293 481 Fas
322 451 358 481 et
386 445 519 480 beatae
548 444 722 492 coniugis
753 443 922 480 additum

221 508 343 545 Stellis
373 509 559 545 honorem
588 515 762 557 tectaque
795 508 952 545 Penthei

270 572 440 609 Disiecta
468 584 547 609 non
577 573 650 610 leni
680 573 798 617 ruina,

327 637 489 674 Thracis
519 644 556 673 et
584 637 737 673 exitium
766 636 939 686 Lycurgi.

218 703 282 739 Tu
310 701 429 738 flectis
457 713 601 745 amnes,
631 708 670 738 tu
699 713 801 738 mare
829 703 1044 746 barbarum,

216 766 280 804 Tu
309 766 490 815 separatis
518 766 651 803 uvidus
680 766 719 802 in
747 766 845 814 iugis

272 830 388 868 Nodo
419 835 572 867 co'e'rces
600 831 770 878 viperino

324 895 564 932 Bistonidum
595 895 673 932 sine
703 894 832 932 fraude
862 895 1008 932 crines:

216 962 289 1007 Tu,
320 973 407 998 cum
437 961 602 1009 parentis
632 972 750 1009 regna
779 973 846 1009 per
875 961 1034 997 arduum

220 1025 370 1063 Cohors
400 1025 609 1074 Gigantum
638 1025 836 1062 scanderet
864 1026 991 1074 impia,

270 1090 465 1127 Rhoetum
494 1090 672 1127 retorsisti
702 1090 822 1127 leonis

321 1154 525 1203 Unguibus
552 1155 793 1203 horribilique
822 1155 945 1200 mala;

216 1219 463 1267 Quamquam
493 1219 641 1256 choreis
672 1220 795 1267 aptior
823 1225 859 1255 et
888 1219 981 1256 iocis

216 1284 405 1332 Ludoque
434 1284 555 1321 dictus
585 1296 665 1321 non
695 1291 752 1321 sat
781 1284 942 1320 idoneus

268 1347 425 1396 Pugnae
455 1347 652 1385 ferebaris:
695 1348 762 1385 sed
790 1348 891 1384 idern

322 1412 430 1450 Pacis
459 1425 539 1449 eras
564 1413 786 1462 mediusque
815 1413 912 1449 belli.

215 1476 275 1514 Te
304 1477 393 1514 vidit
422 1477 553 1513 insons
584 1476 770 1514 Cerberus
800 1489 914 1514 aureo

215 1540 348 1578 Cornu
377 1541 572 1587 decorum,
601 1542 731 1578 leniter
760 1548 923 1578 atterens

269 1605 451 1651 Caudam‚
484 1613 520 1643 et
548 1606 761 1643 recedentis
791 1605 955 1654 trilingui

322 1669 399 1707 Ore
428 1670 544 1718 pedes
573 1671 767 1719 tetigitque
797 1681 915 1707 crura.

546 1944 678 1983 ODE
716 1945 803 1982 XX.

213 2050 304 2089 NON
331 2050 467 2088 usitata
496 2063 566 2088 nec
596 2052 699 2088 tenui
728 2051 826 2088 ferar

216 2114 348 2151 Penna
376 2114 546 2151 biformis
574 2127 642 2163 per
670 2115 856 2164 liquidum
886 2114 1037 2151 aethera
1090 2135 1092 2137 ·

264 2178 394 2225 Vates,
423 2191 547 2228 neque
576 2179 616 2215 in
645 2180 752 2216 terris
781 2180 962 2216 morabor

319 2242 501 2292 Longius,
532 2244 744 2292 invidiaque
773 2242 893 2280 maior

666 2320 688 2344 F

1272 264 1308 284 10

1269 910 1307 931 20

1265 1556 1305 1587 30
