1507 2427
115 73 187 98 120

477 66 611 98 HORA
620 65 695 97 TII
721 64 998 97 CARMINUM

588 245 624 284 O
640 246 677 283 D
690 245 724 282 E
762 245 875 283 VIII.

267 351 466 389 DONAREM
494 355 645 399 pateras
675 354 856 397 grataque
886 346 1129 395 commodus,

268 416 493 461 Censorine,
523 415 619 452 meis
648 426 735 453 aera
764 414 968 460 sodalibus,

268 481 467 518 Donarem
496 480 678 529 tripodas,
708 479 877 528 praemia
905 478 1059 516 fortium

269 546 488 591 Graiorum,
518 557 643 594 neque
672 551 714 581 tu
742 545 910 593 pessima
938 555 1143 581 munerum

266 611 413 655 Ferres,
443 611 555 648 divite
584 622 647 646 me
676 609 818 647 scilicet
847 609 996 654 artium,

269 676 377 722 Quas
407 682 471 713 aut
500 674 721 712 Parrhasius
751 674 905 723 protulit
934 679 999 710 aut
1028 672 1188 722 Scopas,

267 740 345 777 Hic
375 751 481 785 saxo,
511 739 663 789 liquidis
692 738 752 776 ille
782 738 974 776 coloribus

269 805 410 842 Sollers
439 816 541 841 nunc
570 803 769 841 hominem
798 815 955 852 ponere,
984 815 1087 840 nunc
1118 802 1250 840 deum.

270 870 347 907 Sed
376 881 456 906 non
485 869 581 906 haec
611 869 703 904 mihi
732 868 798 914 vis,
829 879 900 904 nec
928 868 995 904 tibi
1024 867 1154 904 talium

269 935 347 972 Res
377 942 434 972 est
462 941 525 971 aut
554 933 703 970 animus
734 932 952 969 deliciarum
981 943 1111 980 egens.

268 1000 426 1038 Gaudes
457 999 709 1045 carminibus3
750 998 919 1035 carmina
947 1008 1155 1046 possumus

266 1065 425 1102 Donate
455 1071 492 1102 et
521 1065 685 1113 pretium
714 1063 839 1100 dicere
868 1063 1030 1099 muneri.

268 1129 361 1167 Non
391 1130 510 1166 incisa
539 1129 639 1166 notis
668 1139 859 1165 marmora
888 1127 1060 1176 publicis,

268 1196 340 1233 Per
369 1207 468 1244 quae
497 1195 650 1244 spiritus
680 1200 717 1230 et
745 1194 820 1229 vita
848 1192 944 1229 redit
971 1192 1084 1229 bonis

269 1260 364 1297 Post
392 1265 558 1297 mortem
588 1259 758 1304 ducibus,
790 1270 871 1294 non
899 1257 1041 1294 celeres
1071 1256 1184 1306 fugae

269 1323 525 1371 Reiectaeque
554 1328 761 1359 retrorsum
790 1319 1021 1357 Hannibalis
1050 1320 1187 1365 minae,

269 1387 363 1425 Non
393 1387 572 1424 incendia
601 1385 850 1434 Karthaginis
879 1385 1021 1433 impiae

269 1452 373 1498 Eius,
405 1452 470 1501 qui
498 1451 644 1489 domita
673 1462 816 1488 nomen
844 1451 892 1487 ab
921 1448 1053 1486 Africa

270 1516 457 1555 Lucratus
486 1517 608 1561 rediit,
639 1516 776 1553 clarius
805 1515 976 1552 indicant

270 1581 423 1619 Laudes
453 1593 569 1630 quam
600 1580 785 1618 Calabrae
813 1578 1007 1616 Pierides:
1048 1590 1186 1628 neque,

273 1648 313 1685 Si
341 1647 492 1684 chartae
523 1646 656 1684 sileant
685 1644 790 1694 quod
818 1645 917 1681 bene
948 1643 1092 1690 feceris,

270 1711 495 1750 Mercedem
525 1711 664 1748 tuleris.
723 1709 842 1756 Quod
870 1709 968 1746 foret
997 1708 1090 1746 Iliae

271 1777 532 1825 Mavortisque
561 1788 665 1824 puer,
699 1775 730 1812 si
757 1774 992 1811 taciturnitas

271 1842 451 1880 Obstaret
480 1841 621 1878 meritis
648 1840 776 1877 invida
805 1839 987 1876 Romuli?

271 1905 457 1957 Ereptum
488 1905 626 1955 Stygiis
655 1905 831 1942 fluctibus
860 1903 1033 1941 Aeacum

270 1972 401 2009 Virtus
431 1978 467 2008 et
496 1971 600 2008 favor
629 1977 667 2007 et
695 1970 825 2019 lingua
853 1969 1066 2018 potentium

270 2036 417 2074 Vatum
440 2035 615 2072 divitibus
645 2042 846 2072 consecrat
874 2035 1018 2071 insulis.

271 2102 443 2152 Dignum
471 2101 583 2138 laude
611 2101 732 2137 virum
761 2099 876 2137 Musa
903 2106 1003 2136 vetat
1030 2098 1154 2138 mori:

274 2167 392 2204 Caelo
423 2166 538 2203 Musa
565 2166 666 2203 beat.
724 2164 786 2202 Sic
814 2165 918 2202 Iovis
948 2165 1102 2201 interest

273 2231 426 2281 Optatis
456 2230 576 2280 epulis
605 2230 768 2280 impiger
798 2228 998 2275 Hercules,

1321 944 1362 968 10

1322 1270 1361 1304 15

1321 1593 1363 1616 20

1323 1916 1362 1950 25

1319 2240 1362 2273 30
