1507 2427
169 74 217 108 66

529 78 662 108 HORA
673 77 704 108 T
702 78 748 108 ll
774 78 1050 110 CARMJNUM

329 181 453 218 Urbes
482 181 704 230 relinquam.
763 181 854 219 Non
882 194 966 231 ego,
996 194 1207 231 pauperum

332 245 494 294 Sanguis
522 252 732 294 parentum,
762 257 842 282 non
872 257 956 295 ego,
989 258 1103 295 quem
1132 259 1247 285 vocas

383 309 540 355 Dilecte‚
572 310 790 355 Maecenas,
821 311 938 347 obibo

438 374 520 412 Nec
551 374 680 424 Stygia
709 374 916 412 cohibebor
945 376 1059 413 unda.

331 440 415 476 Iam
444 441 519 477 iam
547 440 714 477 residunt
743 440 911 477 cruribus
941 452 1099 489 asperae

330 504 462 549 Pelles,
493 511 530 541 et
557 505 684 541 album
713 509 838 540 mutor
866 504 904 540 in
934 504 1059 541 alitem

386 569 568 617 Superne,
598 575 877 617 nascunturque
905 568 1005 606 leves

438 634 510 671 Per
538 634 677 682 digitos
706 633 962 681 humerosque
991 633 1153 682 plumae.

331 699 413 736 Iam
442 698 637 735 Daedaleo
666 698 791 735 notior
820 697 928 734 Icaro

332 763 464 800 Visam
494 765 681 812 gementis
710 764 818 800 litora
847 762 1009 812 Bospori

388 828 591 877 Syrtesque
621 828 802 865 Gaetulas
832 840 995 865 canorus

440 893 530 930 Ales
560 893 911 942 Hyperboreosque
935 904 1106 941 campos.

335 957 401 994 Me
431 956 597 994 Colchus
628 965 663 995 et
692 959 756 1007 qui
786 957 996 995 dissimulat
1026 965 1170 993 metum

335 1021 485 1059 Marsae
515 1022 680 1059 cohortis
709 1022 838 1059 Dacus
867 1029 904 1059 et
932 1021 1051 1057 ultimi

389 1086 562 1123 Noscent
592 1087 744 1132 Geloni,
774 1100 836 1124 me
866 1086 1007 1136 peritus

442 1151 572 1188 Discet
601 1151 723 1189 Hiber
752 1151 1006 1200 Rhodanique
1035 1157 1157 1199 potor.

336 1217 473 1254 Absint
502 1217 604 1252 inani
634 1216 764 1253 funere
793 1216 928 1253 neniae

336 1282 554 1330 Luctusque
583 1288 708 1330 turpes
739 1288 775 1318 et
805 1281 1061 1329 querimoniae
1078 1293 1087 1326 3

391 1346 604 1394 Compesce
635 1346 838 1383 clamorem
868 1358 911 1382 ac
941 1345 1100 1393 sepulcri

446 1410 555 1447 Mitte
584 1421 838 1459 supervacuos
866 1409 1042 1447 honores.

547 1813 735 1854 LIBER
775 1810 1061 1853 TERTIUS.

709 1955 840 1994 ODE
876 1955 906 1992 Ι.

347 2070 423 2107 OD1
452 2068 653 2118 profanum
684 2066 818 2115 volgus
849 2072 885 2103 et
914 2076 1049 2110 arceo;

343 2134 482 2171 Favete
509 2132 671 2180 linguis:
713 2131 881 2185 carmina
909 2141 988 2166 non
1016 2129 1118 2178 prius

398 2198 538 2247 Audita
564 2196 765 2234 Musarum
795 2195 974 2233 sacerdos

450 2263 669 2312 Virginibus
698 2261 900 2310 puerisque
929 2266 1054 2298 canto.

1380 522 1418 544 10

1381 841 1418 874 15

1383 1163 1422 1185 20
