1507 2427
126 56 198 91 128

482 58 617 90 ΗΘΚΛ
628 58 701 89 TII
727 57 1005 88 CARMJNUM

280 161 340 199 Te
370 161 563 200 Cantaber
591 173 673 198 non
702 167 791 198 ante
820 160 1024 198 domabilis

281 226 498 276 Medusque
528 233 564 264 et
592 225 724 271 Indus,
754 232 791 263 te
820 225 1005 274 profugus
1036 225 1197 275 Scythes

334 291 502 335 Miratur,
535 303 558 328 o
588 291 705 328 tutela
732 303 914 339 praesens

390 356 522 393 Italiae
552 356 809 404 dominaeque
840 355 1005 392 Romae.

280 421 351 467 Te,
381 421 541 458 fontium
570 422 635 470 qui
666 420 761 458 celat
790 420 972 468 origines,

281 485 469 534 Nilusque
497 492 534 522 et
564 485 672 530 Ister,
701 493 738 522 te
766 485 921 534 rapidus
951 483 1092 534 Tigris,

335 551 395 588 Te
425 550 606 587 beluosus
637 551 701 599 qui
731 551 888 587 remotis

390 614 589 663 Obstrepit
619 614 801 652 Oceanus
831 615 1034 661 Britannis,

282 680 341 718 Te
371 692 451 717 non
481 680 654 729 paventis
684 679 817 716 funera
848 679 997 717 Galliae

281 746 487 794 Duraeque
516 745 624 783 tellus
654 744 758 782 audit
788 744 983 789 Hiberiae,

336 809 395 846 Te
425 809 541 847 caede
570 810 781 858 gaudentes
812 809 1014 859 Sygambri

389 874 625 925 Compositis
654 882 880 912 venerantur
910 875 1036 912 armis.

616 1138 652 1177 O
666 1138 702 1175 D
716 1138 750 1175 E
788 1138 873 1176 XV.

281 1260 460 1298 PHOEBUS
487 1257 680 1295 volentem
709 1257 854 1305 proelia
882 1269 943 1293 me
972 1256 1078 1307 loqui

279 1325 411 1362 Victas
441 1330 477 1361 et
505 1324 618 1360 urbes
642 1323 831 1370 increpuit
859 1322 950 1370 lyra,

335 1389 395 1426 Ne
425 1400 540 1437 parva
570 1387 814 1437 Tyrrhenum
843 1400 910 1436 per
940 1399 1085 1437 aequor

388 1453 485 1490 Vela
513 1453 653 1490 darem.
714 1452 811 1497 Tua,
844 1452 997 1499 Caesar,
1029 1459 1134 1489 aetas

279 1519 424 1568 Fruges
454 1525 491 1555 et
520 1519 620 1566 agris
650 1518 792 1555 rettulit
821 1518 958 1555 uberes

279 1584 330 1622 Et
359 1585 469 1632 signa
497 1591 630 1621 nostro
660 1584 818 1620 restituit
847 1583 931 1620 Iovi

333 1649 501 1698 Derepta
530 1648 756 1685 Parthorum
786 1647 959 1696 superbis

388 1713 566 1749 Postilus
596 1720 631 1750 et
661 1725 822 1750 vacuum
854 1712 986 1749 duellis

280 1779 418 1815 Ianum
448 1777 598 1824 Quirini
628 1778 761 1815 clausit
791 1784 827 1815 et
856 1777 1031 1814 ordinem

281 1843 445 1880 Rectum
475 1843 651 1891 evaganti
680 1842 786 1879 frena
815 1843 987 1879 licentiae

334 1908 468 1944 Iniecit
497 1908 714 1955 emovitque
744 1907 875 1955 culpas

388 1972 439 2009 Et
466 1980 612 2009 veteres
643 1973 835 2008 revocavit
864 1978 972 2015 artes,

280 2036 352 2073 Per
381 2047 474 2084 quas
504 2035 684 2072 Latinum
715 2046 859 2071 nomen
889 2040 925 2071 et
954 2033 1072 2070 Italae

281 2101 442 2139 Crevere
471 2100 567 2137 vires
596 2100 774 2148 famaque
805 2105 841 2136 et
871 2098 1004 2146 imperi

334 2165 512 2203 Porrecta
541 2165 719 2202 maiestas
749 2164 797 2201 ad
826 2170 932 2200 ortus

391 2230 489 2268 Solis
518 2231 566 2267 ab
596 2229 788 2278 Hesperio
818 2227 943 2266 cubili.

1329 436 1371 470 45

1330 759 1375 792 50

1332 1853 1374 1877 10

1332 2173 1370 2205 15
