1507 2427
491 69 584 101 ΜΒ.
606 69 680 102 JJJ.
720 68 792 99 OD.
820 68 921 100 νηί.
1283 72 1330 110 79

241 172 425 219 Quamvis
454 183 533 208 non
564 170 657 208 alius
688 169 839 207 flectere
869 182 1010 218 equum
1040 169 1163 207 sciens
1293 183 1327 212 25

239 237 372 285 Aeque
402 235 633 284 conspicitur
661 234 829 283 gramine
859 233 1008 280 Martio,

295 300 378 337 Nec
409 301 610 349 quisquam
640 301 734 337 citus
764 311 883 349 aeque

348 366 479 403 Tusco
511 366 662 403 denatat
692 366 808 404 alveo.

237 433 362 470 Prima
390 439 500 468 nocte
531 432 686 468 (lonium
718 432 850 469 claude
880 443 1002 480 neque
1032 431 1070 467 in
1099 430 1176 466 vias

240 497 317 534 Sub
347 503 459 533 cantu
489 496 666 545 querulae
696 496 848 545 despice
879 496 1002 540 tibiae,
1038 489 1123 542 W
1209 486 1229 523 ’ἶ
1291 508 1330 538 30

289 561 337 597 Et
366 568 401 597 te
430 573 544 609 saepe
573 562 722 598 vocanti

342 624 487 662 Duram
516 626 671 663 difficilis
700 638 821 663 mane.

567 890 602 929 O
615 891 651 927 D
664 890 697 927 E
734 890 842 928 VIII.

235 1009 405 1047 MARTns
435 1009 583 1047 caelebs
612 1010 704 1059 quid
733 1022 846 1058 agam
874 1009 1071 1056 Kalendis,

236 1074 339 1120 Quid
369 1075 482 1111 velint
511 1075 622 1112 flores
653 1082 689 1111 et
718 1087 847 1128 acerra
875 1075 991 1112 thuris

236 1138 362 1184 Plena,
394 1139 549 1184 miraris,
579 1125 803 1188 positusque
834 1140 948 1176 carbo
978 1140 1016 1176 in

451 1203 628 1271 Caesgite
659 1206 755 1254 vivo,
779 1228 788 1248 f
816 1253 841 1265 Μ

235 1252 379 1306 Docte
381 1260 584 1306 sermones
613 1270 805 1319 utriusque
835 1249 1014 1318 linguae?
1311 1287 1329 1317 5

236 1333 425 1370 Voveram
456 1334 584 1371 dulces
615 1335 743 1383 epulas
773 1342 809 1372 et
838 1335 964 1372 album

235 1398 374 1435 Libero
404 1411 559 1447 caprum
588 1412 708 1448 prope
737 1399 928 1438 funeratus

448 1463 604 1501 Arboris
634 1465 721 1502 ictu.
1199 1513 1202 1515 ι

236 1527 312 1565 Hic
341 1527 421 1565 dies
450 1540 552 1586 anno
563 1529 762 1593 ῐεζᾴβιέηῖε
792 1529 910 1567 festus
944 1535 971 1564 f·
1149 1531 1172 1539 '¹
1192 1517 1200 1533 θ’
1244 1519 1254 1527 4⁵

237 1591 429 1629 Corticem
459 1588 677 1630 adstrictum
707 1595 792 1643 pice
822 1575 1028 1634 dimovebit
1294 1613 1330 1634 10

235 1657 456 1706 Amphorae
486 1642 632 1694 fumum
661 1659 789 1696 bibere
818 1660 1008 1698 institutae

448 1722 616 1760 Consule
646 1723 772 1761 Tullo.

239 1784 365 1830 Sume,
395 1784 614 1830 Maecenas,
645 1786 800 1835 cyathos
829 1787 940 1825 amici

201 1841 399 1903 &pitis
429 1857 583 1887 centum
614 1857 649 1887 et
681 1851 812 1899 vigiles
842 1852 1017 1890 lucernas

236 1913 364 1951 Perfer
392 1914 431 1951 in
461 1914 608 1952 lucem:
638 1916 771 1964 procul
800 1918 925 1954 omnis
956 1924 1037 1985 esto

267 1965 337 1975 Μ
451 1978 605 2033 Clamor
633 1987 670 2017 et
698 1980 929 2021 1Γ3..<,.

236 2043 346 2081 Mitte
376 2045 501 2097 civiles
534 2057 647 2094 super
676 2046 768 2082 urbe
799 2058 932 2083 curas:

237 2108 387 2146 Occidit
417 2109 513 2147 Daci
545 2109 739 2148 Cotisonis
770 2123 921 2159 agmen,
966 2099 968 2104 ’

237 2173 376 2212 Medus
405 2175 562 2230 infestus
592 2176 662 2213 sibi
689 2176 871 2214 luctuosis
958 2191 960 2193 “
998 2172 1001 2185 ”
1049 2177 1051 2195 ³
1100 2189 1107 2200 π
1192 2179 1240 2199 ⁴2*

451 2228 620 2278 Dissidet
649 2241 774 2287 armis,
1288 2260 1327 2282 20
