1507 2427
488 61 582 93 ΜΒ.
605 60 678 92 JJJ.
720 60 794 92 OD.
814 59 931 92 XXV.
1283 65 1333 103 95

249 163 418 202 Haerere
447 164 636 212 ingenuus
665 175 759 213 puer
1293 176 1332 207 55

302 228 518 277 Venarique
548 229 665 273 timet,
696 227 823 265 ludere
853 226 1010 272 doctior,

250 292 325 329 Seu
355 291 505 330 Graeco
534 292 665 329 iubeas
694 291 829 329 trocho

303 357 378 394 Seu
407 358 517 395 malis
546 358 657 394 vetita
686 357 832 405 legibus
862 356 952 402 alea,

248 421 348 458 Cum
378 421 527 470 periura
555 422 671 470 patris
700 421 794 458 fides

299 486 525 523 Consortem
555 486 701 523 socium
731 486 832 523 sallat
861 492 897 522 et
926 484 1115 534 hospitem
1291 489 1332 520 60

246 551 491 600 Indignoque
519 552 721 600 pecuniam

300 615 444 652 Heredi
474 622 661 664 properet.
722 614 871 652 Scilicet
899 615 1096 663 improbae

247 679 432 717 Crescunt
463 679 636 735 divitiae3
678 686 807 716 tamen

299 742 435 781 Curtae
464 744 594 781 nescio
623 743 714 792 quid
743 755 892 792 semper
921 743 1028 780 abest
1056 747 1123 780 re's.

556 1137 592 1177 O
606 1137 642 1175 D
655 1137 688 1175 E
730 1137 855 1177 XXV.

191 1258 282 1305 Quo
310 1270 382 1303 me,
413 1257 576 1304 Bacche,
605 1259 706 1307 rapis
739 1259 792 1296 tui

243 1322 428 1360 Plenum?
472 1334 569 1371 quae
599 1335 757 1360 nemora
786 1329 850 1360 aut
879 1335 975 1372 quos
1005 1335 1098 1372 agor
1126 1325 1164 1361 in
1193 1336 1327 1374 specus

190 1385 315 1424 Velox
344 1393 472 1423 mente
502 1387 628 1423 nova?
671 1387 809 1435 quibus

244 1452 372 1488 Antris
402 1452 546 1500 egregii
576 1451 751 1489 Caesaris
780 1452 911 1489 audiar
947 1461 950 1464 ⁴

189 1515 399 1553 Aeternum
428 1516 614 1554 meditans
644 1517 761 1555 decus
1310 1535 1328 1565 5

245 1580 367 1618 Stellis
396 1581 562 1618 inserere
592 1587 628 1618 et
658 1582 818 1619 consilio
849 1582 979 1620 Iovis?

188 1645 326 1684 Dicam
356 1646 506 1694 insigne
534 1658 667 1683 recens
697 1647 822 1685 adhuc

243 1710 435 1748 Indictum
464 1722 529 1748 ore
559 1711 641 1748 alio.
701 1711 791 1748 Non
822 1723 930 1750 secus
960 1712 998 1749 in
1026 1713 1122 1762 iugis

188 1774 399 1813 Exsomnis
429 1782 555 1825 stupet
584 1775 703 1813 Euias

241 1839 418 1877 Hebrum
447 1841 685 1889 prospiciens
715 1848 750 1879 et
781 1842 865 1880 nive
895 1842 1097 1880 candidam
1291 1856 1328 1877 10

206 1904 370 1941 Fhracen
399 1916 444 1941 ac
473 1904 571 1953 pede
602 1905 763 1942 barbaro

241 1968 458 2006 Lustratam
489 1968 720 2018 Rhodopen,
750 1976 791 2006 ut
819 1969 911 2006 mihi
940 1970 1048 2007 devio

189 2031 308 2082 Ripas
338 2040 375 2069 et
403 2045 564 2070 vacuum
593 2046 728 2071 nemus

239 2096 367 2134 Mirari
395 2097 494 2135 libet.
552 2097 587 2135 O
617 2098 812 2135 Naiadum
841 2105 978 2147 potens

188 2161 501 2211 Baccharumque
531 2163 736 2200 valentium
1287 2178 1322 2208 15

242 2225 424 2264 Proceras
453 2227 629 2265 manibus
658 2234 799 2265 vertere
828 2227 1007 2272 fraxinos,
