1507 2427
143 25 203 88 96¹
499 46 633 78 ΗΘΚΛ
643 46 716 76 TJJ
743 45 1017 77 CARMINUM

248 147 310 185 Nil
339 160 496 197 parvum
525 155 589 185 aut
617 147 748 184 humili
778 147 907 193 modo,

304 215 367 251 Nil
395 215 552 251 mortale
582 215 726 263 loquar.
782 213 905 251 Dulce
934 213 1143 263 periculum
1172 221 1239 260 est,

249 279 284 317 O
309 279 473 324 Lenaee,
506 279 612 327 sequi
643 279 757 316 deum

304 343 534 392 Cingentem
563 343 670 379 viridi
700 349 876 392 tempora
905 343 1100 392 pampino.
1346 359 1388 381 20

606 583 642 622 O
655 583 692 621 D
706 583 740 620 E
779 583 927 621 XXVI.

303 688 396 726 V1xr
424 688 561 737 puellis
592 701 713 737 nuper
742 688 904 726 idoneus

304 754 352 790 Et
382 754 532 790 militavi
561 765 640 790 non
671 754 751 790 sine
780 754 922 803 gloria;

361 818 475 855 Nunc
506 808 611 855 arma
640 817 936 867 defunctumque
965 818 1064 856 bello

412 883 596 920 Barbiton
626 883 685 920 hic
714 884 836 932 paries
867 883 1030 928 habebit,

306 949 475 986 Laevum
504 949 669 985 marinae
700 948 763 997 qui
792 947 952 984 Veneris
981 947 1077 985 latus
1372 962 1391 995 5

306 1014 492 1051 Custodit.
550 1012 625 1049 Hic
656 1012 715 1049 hic
746 1013 877 1061 ponite
906 1012 1030 1050 lueida

360 1078 518 1116 Funalia
547 1085 583 1114 et
612 1084 738 1114 vectes
769 1085 805 1114 et
835 1090 945 1115 arcus
1487 1037 1495 1267 i

415 1142 613 1192 Oppositis
644 1142 787 1180 foribus
816 1144 998 1180 minaces.

307 1209 343 1247 O
374 1221 469 1258 quae
498 1209 650 1245 beatam
680 1208 765 1245 diva
794 1215 900 1245 tenes
930 1207 1102 1257 Cyprum
1131 1213 1167 1244 et

309 1273 513 1322 Memphin
542 1280 736 1310 carentem
767 1272 938 1310 Sithonia
967 1273 1063 1318 nive,
1355 1286 1394 1308 10

363 1338 524 1387 Regina,
555 1338 704 1375 sublimi
734 1337 885 1386 flagello

419 1403 556 1452 Tange
586 1402 735 1440 Chlo'e'n
766 1403 883 1440 semel
914 1409 1169 1452 arrogantem.

598 1644 634 1683 o
649 1644 684 1682 D
698 1644 732 1681 E
769 1644 940 1682 XXVII.
964 1697 966 1701 ι

309 1753 439 1790 Immos
467 1763 599 1801 parrae
628 1750 832 1789 recinentis
862 1762 977 1788 omen

308 1817 435 1854 Ducat
463 1824 499 1853 et
527 1815 743 1866 praegnffn's
773 1815 878 1853 canis
907 1822 970 1852 aut
999 1816 1047 1853 ab
1076 1826 1169 1865 agro

309 1882 417 1919 Rava
447 1882 649 1919 decurrens
679 1881 767 1930 lupa
796 1880 1010 1926 Lanuvino,
1488 1862 1507 1955 τ’

470 1945 636 1995 Fetaque
665 1946 808 1995 volpes.

311 2011 481 2060 Rumpat
512 2017 547 2048 et
577 2023 734 2060 serpens
765 2011 831 2048 iter
859 2011 1082 2056 institutum,
1376 2022 1395 2054 5

313 2076 351 2114 Si
380 2088 448 2125 per
477 2075 674 2125 obliquum
704 2075 835 2112 similis
864 2075 1022 2124 sagittae

313 2140 466 2178 Terruit
495 2152 685 2178 mannos:
722 2152 796 2189 ego
828 2140 888 2178 cui
916 2140 1059 2177 timebo

474 2205 658 2243 Providus
688 2217 845 2255 auspeX,
