1507 2427
534 59 626 90 LIB.
647 59 712 90 IV.
755 59 828 90 OD.
849 59 958 90 XIII.

282 163 426 200 Dicunt
454 163 492 200 in
522 169 653 200 tenero
683 164 856 211 gramine
886 163 1087 213 pinguium

283 228 474 266 Custodes
504 229 632 265 ovium
662 230 832 266 carmina
861 229 985 266 fistula

281 292 560 342 Delectantque
589 294 716 335 deum,
747 295 806 331 cui
835 306 954 343 pecus
983 299 1020 330 et
1049 292 1145 341 nigri

390 358 518 396 Colles
547 359 737 396 Arcadiae
766 360 929 408 placent.

280 423 488 461 Adduxere
518 424 618 461 sitim
647 431 831 473 tempora,
854 424 1011 473 Virgili;

282 488 357 525 Sed
386 501 561 537 pressum
591 489 746 527 Calibus
776 489 913 526 ducere
944 489 1125 525 Liberum

281 552 320 590 Si
349 555 476 602 gestis,
507 554 686 591 iuvenum
716 554 903 591 nobilium
932 553 1062 598 cliens,

387 618 520 656 Nardo
550 619 637 655 vina
665 619 873 656 merebere:

280 683 402 721 Nardi
429 696 568 733 parvus
600 696 701 732 onyx
732 685 853 722 eliciet
882 684 1033 729 cadum,

279 747 357 793 Qui
387 761 488 786 nunc
520 749 694 797 Sulpiciis
723 751 885 787 accubat
913 749 1071 793 horreis,

279 812 375 863 Spes
406 813 548 851 donare
577 826 700 851 novas
729 815 856 863 largus
885 825 1090 863 amaraque

387 878 576 916 Curarum
605 878 729 915 eluere
759 879 903 917 efficax.

276 943 339 981 Ad
368 956 465 993 quae
495 945 526 982 si
555 956 738 993 properas
768 945 919 993 gaudia,
949 956 1037 982 cum
1068 950 1133 980 tua

275 1009 402 1047 Velox
431 1022 557 1048 merce
586 1011 698 1047 veni:
738 1022 819 1047 non
848 1022 921 1058 ego
951 1017 987 1046 te
1016 1008 1112 1045 meis

274 1073 493 1112 Immunem
522 1075 686 1112 meditor
714 1075 858 1123 tingere
886 1074 1047 1124 poculis,

383 1139 502 1176 Plena
531 1140 633 1177 dives
662 1146 702 1177 ut
730 1140 770 1176 in
800 1140 929 1178 domo.

273 1203 418 1241 Verum
446 1216 548 1253 pone
577 1217 704 1242 moras
734 1211 770 1242 et
799 1206 966 1243 studium
993 1203 1098 1250 lucri,

273 1267 558 1318 Nigrorumque
587 1281 746 1314 memor,
777 1270 867 1307 dum
897 1271 993 1315 licet,
1025 1269 1173 1319 ignium

273 1332 394 1371 Misce
424 1334 616 1372 stultitiam
645 1335 813 1372 consiliis
841 1336 1022 1373 brevem:

378 1398 502 1437 Dulce
531 1405 590 1437 est
618 1399 793 1450 desipere
821 1401 860 1437 in
888 1400 987 1438 loco.

592 1664 627 1703 O
640 1665 677 1703 D
689 1665 723 1702 E
761 1664 873 1702 XIII.

268 1786 484 1832 AUDIVERE,
514 1785 630 1836 Lyce,
660 1786 698 1823 di
726 1798 813 1823 mea
840 1791 940 1831 vota,
971 1784 1009 1823 di

267 1853 467 1897 Audivere,
498 1852 622 1902 Lyce:
661 1851 706 1889 fis
735 1864 842 1897 anus,
873 1858 910 1888 et
938 1858 1067 1888 tamen

318 1917 389 1954 Vis
417 1917 589 1954 formosa
617 1916 734 1953 videri

372 1982 567 2031 Ludisque
597 1988 634 2019 et
661 1982 760 2019 bibis
789 1980 992 2030 impudens

264 2047 315 2084 Et
343 2053 459 2085 cantu
487 2046 647 2083 tremulo
676 2053 769 2095 pota
798 2046 1029 2095 Cupidinem

265 2111 429 2149 Lentum
459 2112 648 2148 sollicitas.
704 2111 772 2148 Ille
802 2111 953 2148 virentis
982 2116 1019 2147 et

317 2177 466 2214 Doctae
496 2176 656 2226 psallere
686 2176 806 2214 Chiae

370 2241 543 2279 Pulchris
572 2242 735 2279 excubat
763 2241 802 2277 in
830 2241 950 2290 genis.

1336 238 1371 258 10

1321 1216 1357 1248 25
