1507 2427
448 58 542 90 ΜΒ.
564 58 596 91 I.
637 57 711 90 OD.
730 57 798 98 XJ,
817 57 905 89 ΧΠ.
1255 65 1303 100 23

221 163 293 209 Te,
321 164 438 200 boves
467 161 559 199 olim
588 162 662 199 nisi
691 161 918 199 reddidisses

223 227 294 264 Per
322 227 452 264 dolum
481 232 638 271 amotaS‚
668 238 826 274 puerum
854 225 992 262 minaci
1270 240 1306 262 10

220 291 329 329 Voce
358 291 449 328 dum
477 296 599 335 terret,
630 290 764 327 viduus
792 289 968 339 pharetra

328 355 425 393 Risit
455 355 608 404 Apollo.

219 421 325 467 Quin
354 426 390 457 et
418 420 571 457 Atridas
600 419 697 457 duce
726 426 762 457 te
790 420 975 469 superbos

221 487 291 523 Ilio
320 486 423 522 dives
451 485 622 522 Priamus
651 485 780 522 relicto

221 550 506 599 Thessalosque
535 550 644 597 ignes
673 555 710 586 et
738 549 866 599 iniqua
896 548 1036 586 Troiae
1270 563 1305 594 15

327 614 458 652 Castra
486 613 624 651 fefellit.

220 678 284 717 Tu
313 679 393 727 pias
422 678 529 715 laetis
557 678 702 715 animas
730 678 884 726 reponis

220 742 380 780 Sedibus
409 742 589 791 virgaque
617 742 739 779 levem
769 746 924 780 coe'rces

219 807 345 843 Aurea
373 807 532 851 turbam,
564 807 712 854 superis
741 806 900 844 deorum

328 870 467 909 Gratus
496 877 532 908 et
561 871 655 909 imis.
1268 888 1307 910 20

558 1108 691 1148 ODE
729 1108 798 1170 ΧΙ.

59 1220 122 1258 Tu
151 1231 199 1257 ne
227 1219 441 1268 quaesieris,
472 1204 565 1256 scire
595 1196 712 1265 nefas,
743 1230 858 1268 quem
886 1218 988 1265 mihi,
1019 1231 1132 1268 quem
1161 1220 1226 1257 tibi

60 1284 194 1321 Finem
222 1285 260 1321 di
289 1284 469 1330 dederint,
499 1274 718 1328 Leuconoe,
747 1296 819 1321 nec
848 1283 1080 1332 Babylonios
1113 1301 1136 1335 ἡ
1240 1289 1281 1307 -“””
1312 1279 1319 1293 ²

59 1348 236 1386 Tentaris
264 1360 454 1385 numeros.
512 1347 566 1385 Ut
594 1348 739 1393 melius,
771 1340 956 1397 quidquid
985 1348 1062 1393 erit,
1093 1349 1188 1397 pati!

61 1412 136 1450 Seu
163 1413 288 1461 plures
316 1412 462 1449 hiemes
492 1407 715 1449 seu'tribuit
744 1411 915 1461 Iuppiter
943 1412 1126 1457 ultimam,

60 1476 171 1524 Quae
199 1489 301 1514 nune
330 1477 516 1526 oppositis
545 1476 712 1514 debilitat
740 1477 954 1526 pumicibus
983 1489 1086 1514 mare
1287 1495 1303 1525 5

59 1541 312 1590 Tyrrhenum,
343 1542 478 1590 sapias,
508 1541 595 1578 vina
622 1541 752 1590 liques,
781 1547 818 1578 et
847 1542 968 1590 spatio
997 1542 1099 1579 brevi

61 1605 177 1655 Spem
205 1606 362 1654 longam
390 1618 546 1643 reseces.
603 1605 708 1643 Dum
736 1606 936 1655 loquimur,
967 1605 1102 1655 fugerit
1130 1607 1256 1645 invida

59 1671 198 1708 Aetas:
229 1682 341 1720 carpe
371 1671 472 1726 diem
501 1682 617 1719 quarn
645 1671 844 1708 minimum
875 1670 1026 1709 credula
1053 1678 1218 1720 postero.

266 1746 313 1795 'Q'

292 1822 309 1864 χλ

484 1962 507 1977 Ι,
551 1918 685 1957 ODE
721 1919 870 1977 >gir-w

679 1979 779 2016 1⁴³⁸*

220 2027 341 2074 QUEM
369 2029 489 2065 virum
516 2034 580 2065 aut
609 2028 725 2072 hema
753 2028 830 2076 lyra
858 2029 916 2067 vel
943 2030 1017 2068 acri

220 2091 333 2129 Tibia
362 2092 479 2129 sumis
508 2092 707 2139 celebrare,
738 2092 851 2131 Clio?

219 2155 347 2202 Quem
375 2156 516 2193 deum?
573 2156 690 2194 Cuius
720 2158 860 2195 recinet
889 2158 1019 2196 iocosa

326 2220 482 2258 Nomen
510 2221 638 2270 imago

482 2275 484 2278 ·
531 2272 619 2288 Ἃ
