1507 2427
503 82 668 114 LIBER.
709 82 853 115 EPOD.
874 82 998 114 XVII.
1306 88 1320 112 1
1330 87 1378 123 59

286 185 405 224 Voles
436 186 588 224 sonari:
627 184 690 222 Tu
720 185 871 234 pudica,
902 192 941 222 tu
971 185 1092 233 proba
1337 200 1379 229 40

296 249 581 288 Perambulabis
611 257 711 287 astra
741 250 845 287 sidus
875 261 1041 286 aureum.

286 316 447 354 Infamis
478 315 649 352 Helenae
680 315 815 353 Castor
844 315 1015 352 offensus
1045 315 1125 352 vice

285 381 491 429 Fraterque
520 380 649 428 magni
682 379 863 425 Castoris,
893 380 979 417 victi
1009 391 1131 427 prece,

285 446 479 495 Adempta
508 446 581 482 vati
610 444 806 481 reddidere
837 445 990 481 lurnina.

285 509 334 547 Et
364 518 413 556 tu,
445 518 555 560 potes
585 522 686 554 narn,
719 510 822 547 solve
851 522 912 546 me
943 511 1142 556 dementia,
1335 529 1373 559 45

286 575 321 612 O
351 589 422 613 nec
453 575 615 625 paternis
645 574 818 611 obsoleta
848 575 1033 619 sordibus,

296 641 432 691 Neque
462 642 500 678 in
531 641 714 689 sepulcris
744 652 956 688 pauperum
986 641 1153 688 prudens
1185 655 1278 680 anus

286 707 544 745 Novendiales
575 706 758 754 dissipare
790 705 971 753 pulveres.

284 773 373 809 Tibi
402 771 589 820 hospitale
620 776 753 820 pectus
783 777 819 807 et
848 782 964 818 purae
995 782 1143 815 manus,

283 837 468 885 Tuusque
499 843 629 872 venter
659 835 914 880 Pactumeius,
947 841 983 871 et
1013 842 1078 871 tuo
1333 854 1374 883 50

286 902 430 940 Cruore
459 901 594 938 rubros
624 901 806 938 obstetrix
835 911 986 948 pannos
1016 900 1113 946 lavit,

284 966 490 1014 Utcunque
521 965 626 1003 fortis
656 966 782 1003 exsilis
812 977 1008 1014 puerpera.

339 1030 444 1076 Quid
473 1031 658 1067 obseratis
688 1031 839 1067 auribus
870 1030 997 1066 fundis
1026 1031 1185 1078 preces?

286 1095 379 1132 Non
408 1107 499 1131 saxa
528 1094 639 1131 nudis
669 1095 839 1132 surdiora
865 1095 998 1131 navitis

284 1160 489 1208 Neptunus
518 1160 593 1196 alto
624 1160 747 1197 tundit
776 1159 958 1196 hibernus
989 1160 1081 1197 salo.
1333 1177 1370 1208 55

284 1225 430 1261 Inultus
460 1231 500 1261 ut
528 1231 568 1260 tu
597 1224 722 1261 riseris
753 1223 921 1272 Cotyttia

284 1289 461 1337 Volgata,
493 1300 643 1325 sacrum
672 1289 778 1325 liberi
810 1288 1022 1337 Cupidinis,

285 1353 335 1390 Et
364 1353 550 1402 Esquilini
580 1353 753 1402 pontifex
783 1353 940 1401 venefici

284 1418 449 1467 Impune
479 1425 520 1455 ut
548 1418 694 1455 Urbem
724 1419 882 1455 nomine
911 1418 1076 1467 impleris
1105 1420 1218 1456 meo?

285 1483 389 1529 Quid
419 1484 598 1532 proderat
627 1483 766 1520 ditasse
797 1483 975 1532 Pelignas
1005 1495 1114 1530 anus,
1334 1490 1374 1521 60

282 1547 510 1585 Velociusve
540 1548 735 1585 miscuisse
765 1548 965 1585 toxicum?

286 1612 362 1650 Sed
391 1613 557 1650 tardiora
586 1612 661 1649 fata
689 1619 725 1649 te
755 1614 850 1650 votis
879 1621 1060 1651 manent:

284 1678 440 1726 Ingrata
469 1678 608 1715 misero
637 1678 713 1714 vita
743 1677 918 1714 ducenda
947 1686 1002 1715 est
1032 1679 1070 1715 in
1100 1679 1184 1725 hoc,

284 1742 407 1780 Novis
435 1748 476 1779 ut
504 1755 626 1791 usque
657 1749 839 1791 suppetas
869 1743 1074 1781 laboribus.

285 1807 404 1856 Optat
434 1808 599 1857 quietern
629 1807 782 1856 Pelopis
812 1808 917 1845 infidi
947 1815 1063 1857 pater,
1334 1816 1372 1856 65

284 1872 418 1921 Egens
448 1873 638 1921 benignae
669 1872 855 1910 Tantalus
886 1885 1036 1922 semper
1066 1873 1184 1923 dapis,

283 1936 402 1985 Optat
431 1936 682 1974 Prometheus
712 1937 902 1986 obligatus
933 1939 1018 1984 aliti,

285 2000 403 2049 Optat
434 2013 614 2050 supremo
646 2001 833 2039 collocare
865 2002 1050 2051 Sisyphus

283 2065 330 2101 In
360 2073 492 2104 monte
523 2078 684 2113 saxum;
726 2067 793 2104 sed
822 2074 947 2104 vetant
976 2068 1079 2116 leges
1108 2067 1218 2105 Iovis.

282 2128 402 2167 Voles
431 2131 550 2168 modo
581 2131 664 2168 altis
694 2131 841 2168 desilire
871 2133 1046 2177 turribus,
1332 2146 1372 2177 70

283 2192 407 2231 Modo
437 2207 529 2231 ense
559 2202 692 2243 pectus
722 2194 866 2232 Norico
897 2196 1102 2242 recludere,
1421 2184 1424 2185 ⁷

281 2251 512 2308 Frustraque
542 2259 664 2296 vincla
692 2261 833 2308 gutturi
863 2267 993 2297 nectes
1022 2268 1100 2307 tuo,
