1507 2427
406 79 502 110 LlB.
521 80 552 109 J.
594 79 667 110 OD.
684 79 802 119 XXX,
822 79 962 110 XXXI.

220 184 367 222 Doctus
397 183 551 231 sagittas
580 181 735 220 tendere
766 182 912 220 Sericas

220 249 323 285 Arcu
353 249 538 296 paterno?
596 246 693 292 Quis
722 253 836 295 neget
864 245 988 284 arduis

276 312 422 349 Pronos
450 312 566 348 relabi
595 323 710 360 posse
739 312 837 349 rivos

329 375 526 414 Montibus
556 383 592 413 et
621 375 792 412 Tiberim
820 376 964 418 reverti,

223 442 322 480 Cum
350 449 389 479 tu
418 446 617 490 coemptos
647 441 813 490 undique
841 440 980 494 nobilis

224 506 360 543 Libros
388 505 542 543 Panaeti
574 505 805 543 Socraticam
833 512 869 543 et
897 494 1055 542 domum

278 570 426 607 Mutare
454 570 578 607 loricis
610 570 775 616 Hiberis,

332 635 524 673 Pollicitus
554 635 720 681 meliora,
750 634 899 673 tendis?

537 873 573 912 O
586 873 668 910 DE
705 872 830 910 XXX.

226 991 262 1030 O
291 991 436 1036 Vanus,
464 990 596 1039 regina
625 989 737 1027 Cnidi
766 989 972 1039 Paphique‚

227 1056 369 1104 Sperne
398 1055 572 1092 dilectam
601 1054 768 1103 Cypron,
798 1062 835 1091 et
862 1055 1030 1091 vocantis

226 1120 355 1157 Thure
385 1127 421 1157 te
449 1120 567 1156 multo
596 1118 781 1168 Glycerae
810 1119 989 1156 decoram

332 1184 513 1222 Transfer
542 1184 579 1220 in
608 1183 753 1220 aedem.

227 1249 407 1286 Fervidus
436 1256 560 1286 tecum
589 1261 682 1297 puer
710 1255 747 1285 et
775 1248 906 1286 solutis

228 1313 378 1350 Gratiae
407 1313 512 1350 zonis
541 1319 821 1362 properentque
851 1312 1054 1361 Nymphae

226 1375 276 1415 Et
303 1390 437 1426 parum
465 1378 585 1414 comis
614 1377 694 1415 sine
724 1383 761 1414 te
790 1376 966 1414 Iuventas

333 1442 629 1491 Mercuriusque.

530 1667 565 1706 O
577 1668 614 1705 D
627 1668 661 1705 E
699 1668 845 1706 XXXI.

226 1784 332 1831 Qun)
362 1784 577 1822 dedicatum
607 1784 731 1832 poscit
758 1782 979 1832 Apollinem

223 1849 368 1886 Vates?
408 1849 501 1898 quid
529 1854 611 1885 orat
641 1848 688 1885 de
717 1854 847 1898 patera
876 1860 1017 1885 novum

276 1913 458 1950 Fundens
487 1913 701 1961 liquorem?
757 1911 850 1949 Non
880 1912 1032 1961 opimae

333 1977 526 2016 Sardiniae
557 1984 704 2026 segetes
733 1977 890 2023 feraces,

224 2041 317 2079 Non
345 2049 543 2080 aestuosae
571 2048 678 2090 grata
707 2041 905 2078 Calabriae

224 2106 419 2152 Armenta,
450 2118 530 2143 non
559 2118 691 2143 aurum
721 2112 785 2143 aut
813 2106 906 2142 ebur
934 2104 1120 2149 Indicum,

280 2171 372 2208 Non
400 2184 494 2217 rura,
524 2183 621 2220 quae
650 2171 748 2208 Liris
778 2171 904 2219 quieta

336 2235 491 2289 Mordet
519 2247 619 2284 aqua
647 2236 853 2272 taciturnus
884 2235 1016 2272 amnis.

1262 85 1309 121 39

1273 262 1309 282 10

1272 583 1307 615 15
