1507 2427
166 63 212 97 28

516 64 736 96 HORATJJ
761 64 1036 96 CARMINUM

269 167 360 205 Non
389 167 628 212 Laertiaden,
658 167 814 204 exitium
841 174 927 205 tuae

270 231 396 277 Genti,
425 244 505 269 non
532 232 680 280 Pylium
709 231 874 269 Nestora
902 231 1085 281 respicis?

269 295 416 345 Urgent
443 297 622 346 impavidi
649 303 685 334 te
716 296 939 334 Salaminius

375 360 524 398 Teucer
551 368 588 398 et
617 360 815 398 Sthenelus
843 361 966 398 sciens

268 424 436 474 Pugnae,
466 426 542 462 sive
571 438 669 474 opus
698 432 755 462 est
783 425 996 474 imperitare
1025 424 1144 474 equis,

269 488 360 526 Non
389 490 520 539 auriga
548 490 654 539 piger
670 503 679 535 3
710 489 913 527 Merionen
942 501 1094 539 quoque

268 553 428 591 Nosces,
484 554 585 592 Ecce
616 554 699 591 furit
726 561 762 591 te
791 554 952 603 reperire
982 561 1091 591 atrox

376 620 546 668 Tydides
574 620 707 657 melior
736 627 852 668 patre,

269 683 395 729 Quem
424 691 474 729 tu,
504 696 635 722 cervus
664 684 717 721 uti
745 684 849 721 vallis
878 684 916 721 in
946 683 1061 720 altera

267 747 403 785 Visum
431 756 535 798 parte
563 749 693 798 lupum
722 749 905 797 graminis
934 748 1148 792 immernor,

270 812 427 849 Sublimi
457 813 578 862 fugies
607 814 731 851 mollis
755 813 933 858 anhelitu,

374 877 466 915 Non
495 879 568 916 hoc
596 879 783 928 pollicitus
811 884 908 914 tuae.

268 942 454 980 Iracunda
483 943 584 980 diem
612 942 778 991 proferet
806 941 876 978 Ilio

268 1006 530 1056 Matronisque
559 1007 752 1056 Phrygum
782 1005 911 1044 classis
941 1003 1130 1051 Achille·1·3

266 1070 359 1108 Post
387 1079 508 1108 certas
537 1072 682 1108 hiemes
710 1077 792 1107 uret
820 1068 1014 1106 Achaicus

373 1135 480 1184 Ignis
509 1135 645 1173 Iliacas
675 1135 824 1173 domos.

588 1382 594 1385 ’
642 1399 776 1438 oDE
813 1400 921 1438 XVI.

324 1519 360 1558 O
388 1533 521 1557 MATRE
550 1520 707 1568 pulchra
735 1521 809 1557 filia
840 1519 1041 1569 pulchrior,

323 1584 449 1631 Quem
479 1585 690 1622 criminosis
719 1575 870 1634 cunque
899 1586 1002 1622 voles
1030 1585 1188 1623 modum

375 1649 502 1686 Pones
529 1650 678 1695 iambis,
709 1650 784 1687 sive
813 1649 968 1687 flamma

430 1714 515 1751 Sive
543 1715 638 1764 mari
666 1714 755 1769 libet
779 1714 988 1752 Hadriano.

322 1779 413 1816 Non
441 1765 957 1830 Dirgdyffieneffnoffiadytis
987 1781 1108 1829 quatit

323 1843 494 1881 Mentem
523 1844 764 1881 sacerdotum
793 1844 917 1881 incola
946 1845 1112 1892 Pythius,

376 1908 468 1945 Non
496 1907 610 1945 Liber
639 1921 770 1957 aeque,
801 1921 879 1946 non
909 1917 1020 1946 acuta

429 1972 490 2009 Sic
517 1973 713 2022 geminant
744 1973 980 2022 Corybantes
1010 1986 1108 2020 aera,

322 2038 468 2075 Tristes
496 2044 537 2074 ut
565 2038 653 2084 irae,
683 2050 777 2087 quas
808 2051 932 2087 neque
961 2038 1126 2077 Noricus

321 2102 495 2139 Deterret
523 2103 622 2139 ensis
652 2115 723 2139 nec
751 2116 854 2140 mare
883 2103 1108 2152 naufiagum

375 2166 459 2203 Nec
488 2179 620 2205 saevus
649 2167 747 2217 ignis
775 2181 845 2205 nec
875 2168 1071 2206 tremendo

428 2231 596 2280 Iuppiter
624 2233 704 2282 ipse
734 2245 845 2270 ruens
875 2232 1047 2270 tumultu.

1369 438 1408 472 25

1369 760 1411 792 30

1367 1083 1408 1116 35

1372 2122 1412 2144 10
