1507 2427
183 75 232 111 50

539 67 673 99 HORA
683 67 757 98 Tll
784 66 1060 97 CARMJNUM

344 171 467 208 Crede
497 182 576 207 non
604 169 706 206 illam
735 169 803 205 tibi
833 168 879 206 de
909 169 1068 206 scelesta

343 235 459 272 Plebe
487 234 674 278 dilectam,
699 244 824 281 neque
853 232 905 270 sic
935 233 1097 278 fidelem,

345 299 407 337 Sic
435 300 541 336 lucro
570 309 738 335 aversam
767 297 936 345 potuisse
963 297 1068 334 nasci

453 362 576 399 Matre
606 361 798 411 pudenda.

345 427 508 466 Brachia
537 433 575 463 et
602 426 746 463 voltum
775 432 986 474 teretesque
1015 437 1121 463 suras

346 493 500 540 Integer
528 491 642 528 laudo
658 504 666 536 3
698 490 788 539 fuge
817 490 1010 539 suspicari,

347 557 466 595 Cuius
493 563 674 593 octavum
703 555 900 604 trepidavit
928 561 1033 592 aetas

453 621 637 660 Claudere
666 621 833 657 lustrum.

711 882 844 922 ODE
880 882 930 920 V.

346 1005 519 1043 NONDUM
549 1005 705 1041 subacta
733 1003 828 1040 ferre
858 1002 988 1050 iugum
1017 1001 1115 1038 valet

347 1070 516 1115 Cerviee‚
546 1069 723 1106 nondum
751 1068 881 1105 munia
910 1066 1101 1115 comparis

400 1136 577 1183 Aequare
606 1146 678 1171 nec
708 1133 803 1170 tauri
833 1131 975 1169 ruentis

455 1199 501 1235 In
530 1210 707 1235 venerem
736 1197 896 1234 tolerare
925 1196 1089 1245 pondus.

349 1263 460 1302 Circa
488 1264 648 1300 virentes
677 1269 734 1300 est
763 1263 912 1299 animus
940 1267 1026 1297 tuae

349 1328 521 1377 Campos
549 1329 742 1373 iuvencae,
774 1339 876 1363 nunc
905 1326 1026 1362 fluviis
1056 1335 1210 1373 gravem

402 1392 567 1430 Sol-antis
598 1398 756 1435 aestum,
787 1402 890 1427 nunc
919 1390 958 1426 in
987 1389 1066 1426 udo

453 1456 603 1494 Ludere
634 1469 721 1493 cum
750 1455 873 1492 vitulis
903 1454 1034 1491 salicto

348 1522 653 1570 Praegestientis.
712 1520 825 1558 Tolle
856 1519 1076 1567 cupidinem

347 1587 511 1624 Immitis
540 1598 657 1623 uvae:
689 1587 765 1622 iam
794 1585 861 1621 tibi
890 1584 1024 1621 lividos

399 1650 621 1700 Distinguet
649 1651 889 1687 Auetumnus
911 1659 1085 1686 racemos

455 1717 651 1765 Purpureo
681 1716 804 1752 varius
834 1714 972 1751 colore.

348 1778 431 1816 Iam
461 1786 496 1815 te
526 1785 727 1826 sequetur:
760 1776 873 1813 currit
902 1777 1004 1812 enim
1033 1775 1138 1812 ferox

347 1841 464 1878 Aetas
494 1835 530 1877 et
559 1839 620 1885 illi,
651 1851 749 1888 quos
778 1838 843 1875 tibi
875 1838 1092 1886 dempserit,

401 1905 584 1955 Apponet
614 1916 759 1949 annos3
789 1904 866 1939 iam
895 1910 1071 1951 proterva

455 1969 597 2007 Fronte
625 1975 728 2017 petet
757 1967 899 2016 Lalage
929 1967 1129 2003 maritum:

347 2036 508 2079 Dilecta,
539 2042 725 2084 quantum
754 2045 834 2070 non
864 2031 1010 2069 Pholoe·
1039 2031 1167 2079 fugax,

349 2100 441 2137 Non
471 2099 623 2136 Chloris
654 2099 740 2135 albo
770 2098 823 2135 sic
852 2097 1013 2133 humero
1043 2096 1179 2139 nitens,

402 2164 456 2202 Ut
485 2176 583 2214 pura
612 2169 802 2200 nocturno
833 2161 979 2199 renidet

458 2229 571 2266 Luna
601 2229 704 2274 mari,
735 2228 941 2265 Cnidiusve
972 2226 1115 2276 Gyges,
