1507 2427
510 84 674 115 LIBER.
713 83 857 116 EPOD.
886 84 923 116 V.

196 186 472 225 Formidolosis
503 186 595 224 dum
624 186 740 224 latent
770 187 870 224 silvis
895 186 994 223 ferae

249 251 361 289 Dulci
390 264 529 300 sopore
557 252 773 300 languidae,

197 317 348 363 Senem,
379 316 483 365 quod
513 329 648 354 omnes
677 316 834 362 rideant,
866 316 1076 354 adulterum

250 381 405 419 Lati-ent
437 381 656 418 Suburanae
687 393 802 419 canes

195 451 328 490 Nardo
358 459 594 501 perunctum,
625 452 735 501 quale
764 464 845 490 non
873 451 1074 501 perfectius

249 517 363 554 Meae
392 518 596 554 laborarint
625 530 829 554 manus.—

198 581 302 628 Quid
331 583 494 620 accidit?
551 581 632 619 Cur
661 582 740 619 dira
768 582 948 619 barbarae
978 582 1104 619 minus

248 646 411 684 Venena
440 646 603 684 Medeae
633 647 785 684 valent?

196 717 346 764 Quibus
377 719 578 768 superbam
610 718 703 767 fugit
732 718 809 755 ulta
837 717 1022 766 pellicem,

251 782 385 831 Magni
416 782 591 820 Creontis
622 783 748 828 filiam,

196 847 295 885 Cum
324 849 435 897 palla,
464 849 553 884 tabo
584 860 722 885 munus
752 849 952 893 imbutum,
982 859 1121 885 novam

249 912 435 950 Incendio
465 920 625 962 nuptam
654 913 817 950 abstulit.

193 982 310 1032 Atqui
340 996 411 1021 nec
441 983 556 1020 herba
585 995 657 1020 nec
685 983 807 1020 latens
837 983 874 1019 in
905 983 1046 1032 asperis

249 1047 373 1085 Radix
402 1047 530 1085 fefellit
558 1060 619 1085 me
649 1048 752 1085 locis.

194 1113 382 1150 Indormit
410 1114 534 1151 unctis
563 1114 736 1151 omnium
766 1113 949 1151 cubilibus

251 1178 452 1216 Oblivione
481 1179 727 1228 pellicum.—

195 1249 258 1287 Ah
288 1249 356 1286 ah!
398 1249 542 1286 solutus
572 1249 741 1286 ambulat
771 1249 960 1287 veneficae

249 1314 467 1352 Scientioris
497 1315 675 1352 carmine.

196 1380 288 1418 Non
317 1381 473 1425 usitatis,
504 1379 614 1426 Vare‚
646 1380 880 1429 potionibus,

250 1446 285 1484 O
314 1446 432 1483 multa
460 1445 638 1483 fleturum
667 1453 791 1495 caput,

196 1517 259 1554 Ad
288 1529 350 1554 me
378 1529 558 1562 recurres,
589 1529 660 1553 nec
690 1523 824 1554 vocata
853 1529 963 1556 mens
992 1525 1056 1555 tua

249 1582 388 1619 Marsis
419 1582 555 1619 redibit
584 1581 765 1619 vocibus:

196 1647 323 1685 Maius
353 1648 506 1696 parabo,
537 1647 660 1684 maius
689 1647 889 1684 infundam
918 1649 984 1685 tibi

248 1712 468 1750 Fastidienti
498 1712 691 1762 poculum,

195 1783 379 1833 Priusque
411 1783 560 1821 caelum
590 1783 686 1821 sidet
715 1783 871 1821 inferius
899 1784 1004 1830 mari,

251 1849 405 1887 Tellure
435 1854 609 1897 porrecta
640 1861 763 1897 super,

197 1915 325 1962 Quam
356 1926 437 1951 non
466 1926 597 1951 amore
628 1915 680 1952 sic
712 1927 801 1952 meo
831 1914 967 1963 flagres
998 1914 1051 1952 uti

250 1981 429 2017 Bitumen
459 1980 545 2017 atris
574 1981 796 2029 ignibus.—

197 2051 275 2089 Sub
304 2051 399 2088 haec
428 2063 522 2100 puer
552 2051 626 2088 iam
657 2063 736 2088 non
765 2058 805 2089 ut
835 2058 921 2090 ante
952 2051 1130 2090 mollibus

250 2116 387 2154 Lenire
416 2117 540 2153 verbis
570 2116 718 2165 impias,

199 2182 274 2220 Sed
303 2182 440 2220 dubius
469 2182 572 2220 unde
601 2190 794 2232 rumperet
823 2183 1010 2221 silentium

252 2248 357 2286 Misit
387 2247 598 2298 Thyesteas
626 2261 781 2298 preces:

681 2326 704 2351 L
727 2326 745 2349 2

1269 90 1337 127 147

1299 203 1339 234 55

1298 524 1339 554 60

1303 1531 1340 1566 75

1300 1857 1342 1887 80
