1507 2427
133 67 178 102 26

487 69 620 100 HORA
629 68 662 99 T
658 68 705 100 II
732 67 1006 99 CARMINUM

344 171 447 208 Tum
476 183 546 208 nec
574 181 683 207 mens
711 169 802 206 mihi
830 181 901 207 nee
930 169 1034 206 color

293 235 406 274 Certa
434 235 522 272 sede
551 240 717 281 manent,
746 234 883 271 humor
911 240 947 270 et
975 234 1011 270 in
1041 244 1161 281 genas

344 300 489 337 Furtim
517 300 664 344 labitur,
693 310 857 347 arguens

292 364 420 410 Quam
447 364 557 401 lentis
586 363 734 412 penitus
763 374 930 400 macerer
958 362 1120 411 ignibus.

344 428 456 473 Uror,
485 440 553 466 seu
581 427 646 465 tibi
676 427 859 465 candidos

292 493 512 542 Turparunt
539 492 719 530 humeros
748 491 974 529 immodicae
1003 502 1108 528 mero

346 557 478 603 Rixae,
507 557 583 595 sive
612 569 706 606 puer
734 556 861 594 furens

292 622 488 671 Impressit
515 633 724 659 memorem
754 620 866 658 dente
895 620 1008 657 labris
1038 625 1179 657 notam.

346 685 448 732 Non,
478 686 508 723 si
537 697 600 723 me
628 686 716 723 satis
744 685 886 732 audias,

295 751 430 800 Speres
457 756 692 799 perpetuum,
723 749 846 787 dulcia
873 749 1030 794 barbare

347 814 583 852 Laedentem
612 814 753 859 oscula,
783 826 880 863 quae
909 812 1042 850 Venus

295 880 439 926 Quinta
465 886 570 928 parte
600 878 657 915 sui
685 879 847 915 nectaris
877 877 1020 914 imbuit.

348 944 492 981 Felices
522 949 576 980 ter
605 949 642 980 et
671 943 842 992 amplius,

295 1008 404 1054 Quos
433 1009 574 1057 irrupta
602 1014 704 1044 tenet
732 1007 870 1055 copula
897 1017 968 1043 nee
995 1006 1102 1044 malis

346 1072 524 1109 Divolsus
553 1071 799 1120 querimoniis

297 1137 481 1188 Suprema
510 1137 616 1174 citius
646 1135 763 1173 solvet
791 1147 898 1173 amor
927 1135 997 1173 die.

615 1411 701 1451 OD
714 1411 748 1448 E
787 1410 896 1448 XIV.

299 1530 335 1568 O
363 1542 482 1575 NAvxs,
512 1529 672 1567 referent
700 1531 739 1566 in
767 1542 869 1567 mare
898 1536 935 1567 te
963 1529 1051 1581 1391}
1105 1552 1130 1578 *a

298 1595 471 1632 Fluctus!
530 1594 566 1632 O
596 1594 686 1643 quid
714 1595 822 1643 agis?
879 1584 1036 1631 Foriiter
1063 1579 1211 1655 ecloupa

351 1659 526 1697 Portum!
584 1659 725 1696 Nonne
755 1659 868 1705 vides,
899 1665 938 1696 ut

404 1724 562 1761 Nudum
590 1724 750 1772 remigio
779 1724 887 1769 latus,

298 1789 349 1826 Et
376 1789 497 1826 malus
526 1788 636 1826 celeri
665 1788 812 1825 saucius
840 1787 980 1833 Africo,

298 1856 576 1902 Antennaeque
605 1860 770 1902 gemant,
799 1865 843 1889 ac
873 1853 953 1890 sine
982 1851 1130 1890 funibus
1154 1840 1244 1885 ‘wi-⁰

1012 1903 1108 1916 §d

353 1918 428 1955 Vix
457 1917 589 1955 durare
619 1918 767 1954 carinae

405 1982 557 2019 Possint
585 1982 825 2030 imperiosius

298 2049 477 2096 Aequor?
534 2046 626 2083 Non
655 2047 722 2083 tibi
752 2053 839 2084 sunt
868 2047 1013 2095 integra
1041 2045 1166 2090 lintea,

299 2112 391 2149 Non
420 2104 595 2161 di‚'quos
623 2111 758 2148 iterum
786 2122 918 2160 pressa
945 2122 1058 2148 voces
1086 2110 1198 2147 malo.

352 2175 536 2221 Quamvis
566 2175 724 2212 Pontica
751 2175 874 2223 pinus,

408 2239 528 2277 Silvae
557 2239 631 2276 filia
660 2239 807 2286 nobilis,
