1507 2427
163 57 236 94 116

524 64 659 97 HORA
669 66 743 98 ΤΠ
770 66 1048 100 CARMJNUM

317 166 383 204 Nil
413 167 597 207 Claudiae
626 182 706 208 non
735 171 937 220 perficiunt
967 184 1118 219 manus,

319 231 426 278 Quas
455 241 492 271 et
518 235 688 284 benigno
717 237 874 274 numine
904 237 1076 288 Iuppiter

370 297 549 336 Defendit
578 306 614 337 et
644 312 756 338 curae
787 313 946 350 sagaces

422 362 644 413 Expediunt
672 377 741 415 per
769 373 881 404 acuta
910 367 1009 405 belli.

668 631 802 670 ODE
838 631 886 670 V.

311 749 423 788 D1v1s
452 755 533 788 orte
561 750 686 798 bonis,
717 751 862 800 optime
892 751 1084 790 Romulae

313 814 455 853 Custos
483 816 620 864 gentis,
648 816 739 853 abes
768 816 845 853 iam
874 816 1035 853 nimium
1065 816 1152 864 diu3

311 878 505 917 Maturum
534 879 696 916 reditum
725 880 914 928 pollicitus
943 886 1096 929 patrum

418 944 561 982 Sancto
592 945 757 982 concilio
785 945 876 982 redi.

308 1010 455 1048 Lucem
486 1009 601 1046 redde
631 1016 729 1055 tuae,
760 1009 839 1046 dux
867 1011 982 1055 bone,
1012 1009 1174 1059 patriae:

308 1075 433 1112 Instar
462 1075 558 1112 veris
589 1075 693 1111 enim
721 1074 846 1111 voltus
874 1075 940 1111 ubi
969 1082 1056 1112 tuus

307 1140 464 1178 Affulsit
492 1139 650 1189 populo,
679 1140 821 1187 gratior
849 1139 877 1175 it
906 1138 988 1176 dies

415 1204 465 1241 Et
494 1205 595 1242 soles
624 1205 759 1242 melius
789 1204 919 1241 nitent.

306 1270 360 1307 Ut
388 1277 511 1308 mater
540 1270 728 1312 iuvenem,
762 1281 879 1318 quem
908 1267 1036 1306 Notus
1064 1268 1193 1307 invido

305 1334 416 1371 Flatu
446 1333 642 1383 Carpathii
670 1339 774 1371 trans
802 1333 917 1370 maris
946 1345 1115 1382 aequora

306 1399 566 1438 Cunctantem
595 1399 721 1447 spatio
749 1399 903 1447 longius
931 1410 1059 1435 annuo

412 1464 525 1501 Dulci
554 1463 710 1500 distinet
739 1475 763 1500 a
791 1463 922 1509 domo,

305 1530 417 1567 Votis
447 1529 719 1577 ominibusque
749 1535 785 1566 et
814 1529 992 1578 precibus
1022 1535 1145 1575 vocat,

306 1594 434 1632 Curvo
464 1605 536 1631 nec
566 1593 703 1631 faciem
732 1594 841 1632 litore
870 1594 1061 1632 dimovet:

306 1659 368 1696 Sic
398 1658 595 1696 desideriis
625 1660 701 1695 icta
729 1657 905 1696 fidelibus

410 1723 568 1770 Quaerit
596 1723 717 1771 patria
746 1723 963 1761 Caesarem.

301 1790 427 1828 Tutus
456 1790 528 1826 bos
556 1789 697 1825 etenim
726 1800 813 1825 rura
842 1787 1094 1837 perambulat,

303 1853 431 1892 Nutrit
458 1866 546 1891 rura
575 1852 692 1890 Ceres
722 1853 899 1902 almaque
927 1852 1128 1898 Faustitas,

300 1919 485 1957 Pacatum
513 1918 671 1955 volitant
699 1931 768 1967 per
796 1929 901 1955 mare
930 1918 1090 1963 navitae,

410 1983 568 2033 Culpari
597 1984 732 2021 metuit
761 1983 889 2028 Fides,

303 2050 426 2087 Nullis
455 2049 635 2098 polluitur
664 2055 769 2086 casta
799 2048 938 2085 domus
968 2048 1116 2097 stupris,

302 2115 394 2153 Mos
422 2121 459 2152 et
486 2114 547 2151 lex
576 2113 817 2151 maculosum
847 2112 1017 2150 edomuit
1044 2112 1163 2158 nefas,

301 2180 524 2218 Laudantur
553 2179 664 2216 simili
692 2178 799 2227 prole
827 2189 1049 2227 puerperae,

410 2244 574 2294 Culpam
602 2255 730 2293 poena
758 2243 895 2293 premit
924 2254 1066 2280 comes.

1370 318 1408 354 75

1362 1349 1400 1371 10

1354 1675 1392 1708 15

1351 1998 1393 2021 20

1496 842 1507 867 ⁸
