1507 2427
489 88 583 120 LIB.
605 89 654 120 ll.
697 88 769 120 OD.
791 88 900 119 XIII.

232 192 298 229 Me
329 191 457 229 dulces
486 190 666 228 dominae
696 191 810 228 Musa
838 189 1059 238 Licymniae

233 256 388 301 Cantus,
419 267 481 292 me
510 255 626 292 voluit
655 255 780 293 dicere
808 255 976 292 lucidum
1024 284 1027 285 γ

232 320 437 369 Fulgentes
467 320 598 357 oculos
629 326 664 356 et
693 321 791 356 bene
820 319 959 355 mutuis

392 384 530 421 Fidum
558 371 694 433 'pectus
723 384 916 421 amoribus
932 396 941 429 ;

235 449 362 495 Quam
392 461 463 486 nec
492 448 587 485 ferre
617 449 754 497 pedem
785 448 958 486 dedecuit
987 448 1110 485 choris

233 514 316 551 Nec
345 521 485 551 certare
514 514 600 551 ioco
630 527 700 551 nec
730 515 818 551 dare
842 513 996 551 brachia

234 578 450 616 Ludentem
479 579 604 615 nitidis
634 579 838 627 virginibus
868 589 976 615 sacro

392 642 541 680 Dianae
570 643 725 680 celebris
755 643 826 679 die.

234 707 338 744 Num
368 715 418 753 tu,
449 721 546 758 quae
575 710 694 746 tenuit
724 709 827 746 dives
856 708 1133 754 Achaemenes,

235 774 312 809 Aut
340 773 492 821 pinguis
522 773 706 822 Phrygiae
736 774 968 823 IN'Iygdonias
996 785 1090 822 opes

235 835 451 874 Permutare
479 837 570 875 velis
600 838 701 874 crine
731 837 963 886 Licymniae,

394 902 530 939 Plenas
560 909 623 939 aut
652 902 823 939 Arabum
853 902 989 939 domos
1003 903 1082 939 ?—:

234 964 338 1002 Dum
366 966 564 1015 flagrantia
593 966 792 1020 detorquet
821 967 870 1003 ad
898 966 1030 1003 oscula

236 1029 430 1067 Cervicem
461 1038 524 1068 aut
553 1031 650 1069 facili
677 1017 832 1083 saevitia
860 1038 983 1080 negat,

237 1094 347 1141 Quae
377 1103 560 1145 poscente
590 1097 713 1145 magis
742 1096 907 1145 gaudeat
935 1096 1039 1145 eripi,

397 1160 592 1198 Interdum
620 1174 751 1210 rapere
780 1168 952 1210 occupet.

563 1426 598 1465 O
611 1427 648 1465 D
662 1427 695 1464 E
730 1427 842 1465 XIII.

239 1548 335 1586 ILLE
364 1553 401 1584 et
429 1546 575 1583 nefasto
604 1553 641 1584 te
669 1547 797 1596 posuit
826 1547 898 1593 die,

239 1609 470 1658 Quicunque
498 1610 676 1657 primum,
706 1616 742 1646 et
771 1610 952 1659 sacrilega
980 1623 1098 1648 manu

291 1674 486 1719 Produxit‚
515 1675 638 1719 arbos,
668 1674 707 1710 in
736 1681 920 1723 nepotum

345 1738 558 1775 Perniciem
588 1740 913 1788 opprobriumque
942 1739 1058 1789 pagi3

238 1803 351 1841 Illum
380 1809 416 1840 et
443 1804 610 1852 parentis
640 1803 862 1840 crediderim
891 1804 948 1840 sui

237 1868 414 1917 Fregisse
445 1868 629 1905 cervicem
660 1874 697 1904 et
725 1867 933 1916 penetralia

295 1932 484 1981 Sparsisse
514 1938 702 1968 nocturno
731 1944 863 1969 cruore

347 1996 524 2044 Hospitis
540 2008 549 2041 ;
590 1996 649 2033 ille
679 2008 826 2033 venena
856 1995 1001 2033 Colcha

241 2060 291 2097 Et
321 2060 506 2109 quidquid
535 2072 697 2108 usquam
728 2060 939 2108 concipitur
967 2059 1074 2098 nefas

243 2125 447 2170 Tractavit‚
477 2137 570 2174 agro
599 2126 662 2173 qui
692 2125 818 2162 statuit
847 2136 935 2161 meo

295 2190 353 2227 Te
383 2190 486 2226 triste
516 2189 672 2237 lignum,
703 2196 738 2226 te
768 2189 955 2226 caducum

349 2253 395 2290 In
426 2254 571 2299 domini
601 2259 715 2302 caput
744 2253 988 2291 immerentis.

1266 89 1312 128 57

1278 658 1316 678 20

1288 2140 1325 2161 10
