1538 2427
129 56 150 91 3
157 55 176 91 3
182 56 204 89 4
543 46 679 78 ΗΘΚΛ
689 45 762 78 TJJ
789 46 846 77 CA
851 46 1029 78 RMJNA.

127 157 176 182 est
192 151 232 182 ad
248 154 397 182 senatum
410 153 445 181 ut
456 150 517 181 nisi
528 150 644 182 redditi
657 154 763 181 essent
777 149 895 181 Poenis
908 149 1028 191 captivi
1040 148 1167 180 nobiles
1179 149 1313 191 quidam
1325 148 1444 181 rediret

127 201 198 242 ipse
214 199 463 240 Karthaginem.
509 199 542 229 Is
559 209 632 230 cum
649 199 791 229 Romam
808 198 950 229 venisset
965 198 1120 229 utilitatis
1137 198 1277 238 speciem
1293 198 1445 236 videbat;

128 249 184 280 sed
209 259 291 284 eam,
314 254 350 279 ut
373 259 422 279 res
446 248 601 283 declarat,
624 247 744 278 falsam
767 247 942 278 iudicavit:
966 258 1048 288 quae
1065 252 1134 278 erat
1150 247 1244 283 talis;
1268 257 1396 278 manere
1412 247 1446 277 in

127 299 245 340 patria,
270 308 339 329 esse
364 297 453 328 domi
481 307 555 328 suae
582 307 656 328 curn
687 307 798 335 uxore,
830 307 904 327 cum
935 297 1066 332 liberis;
1099 307 1196 337 quam
1225 296 1446 327 calamitatem

128 347 307 388 accepisset
322 347 353 377 in
371 346 470 381 bello,
487 357 694 377 communem
711 345 859 376 fortunae
876 346 1014 377 bellicae
1030 345 1238 381 iudicantem,
1254 350 1361 376 tenere
1372 355 1448 376 con-

129 397 246 427 sularis
261 395 430 437 dignitatis
445 395 593 435 gradum.
634 395 716 435 Quis
732 400 830 435 negat
846 395 928 425 haec
944 405 1013 426 esse
1029 395 1124 425 utilia
1138 395 1152 424 ¹?
1191 394 1298 434 Quem
1314 404 1422 425 censes
1433 394 1448 424 ?

130 445 328 486 Magnitudo
352 444 452 475 animi
475 448 506 474 et
530 443 688 474 fortitudo
711 448 819 484 negat.
866 443 956 474 Num
979 443 1213 484 locupletiores
1228 443 1358 484 quaeris
1372 453 1446 473 auc-

128 496 241 526 tores?
288 495 416 524 Harum
436 493 523 523 enim
545 498 593 523 est
618 493 776 523 virtutum
798 493 968 533 proprium
991 492 1072 522 nihil
1095 492 1316 527 extimescere,
1337 492 1446 522 omnia

129 545 273 575 humana
294 542 459 584 despicere
472 552 490 579 ;·
514 541 595 572 nihil
629 541 717 582 quod
744 541 870 571 homini
898 542 1045 573 accidere
1072 541 1177 581 possit
1208 540 1446 571 intolerandum

130 600 255 636 putare.
302 594 417 633 Itaque
434 591 511 633 quid
528 591 626 622 fecit?
666 591 703 621 In
720 596 868 622 senatum
884 591 991 628 venit;
1014 591 1170 621 mandata
1185 591 1356 631 exposuit;
1378 600 1448 621 sen-

129 644 265 674 tentiam
281 652 321 673 ne
337 642 457 672 diceret
474 640 633 672 recusavit
647 651 653 675 ;
682 642 702 655 “
715 640 869 681 quamdiu
894 640 1102 671 iureiurando
1125 639 1270 670 hostium
1286 643 1448 670 teneretur

130 704 194 724 non
220 702 288 723 esse
315 701 348 722 se
373 688 587 721 senatorem.'’
633 690 742 729 Atque
769 688 849 719 illud
877 689 977 720 etiam
1003 689 1048 729 (O
1074 689 1211 720 stultum
1238 688 1448 720 hominem—-

129 742 247 772 dixerit
263 740 512 781 quispiam,——et
528 743 762 779 repugnantem
776 738 912 769 utilitati
925 749 1002 768 suae
1014 740 1036 774 Ι)
1054 737 1145 768 reddi
1158 737 1307 778 captivos
1318 736 1448 777 negavit

131 801 200 821 csse
216 790 313 820 utile:
338 794 356 805 ·‘
369 788 444 819 illos
460 787 545 818 enim
562 787 780 832 adolescentes
797 797 864 818 esse
887 792 921 818 et
945 788 1050 818 bonos
1069 786 1176 822 duces,
1193 796 1227 818 se
1242 786 1308 816 iam
1323 785 1448 817 confec-

130 845 200 870 tum
224 836 416 870 senectute.”
461 837 562 868 Cuius
585 846 684 877 quum
707 836 864 867 valuisset
879 836 1057 867 auctoritas
1083 835 1202 876 captivi
1218 835 1335 866 retenti
1350 839 1446 872 sunt3

132 890 200 929 ipse
212 886 448 928 Karthaginem
464 885 577 916 rediit:
594 896 696 926 neque
713 896 787 916 eum
804 885 921 916 caritas
937 885 1063 926 patriae
1079 884 1211 915 retinuit
1228 895 1286 915 nec
1302 893 1448 915 suorum.

131 938 247 978 Neque
262 947 337 967 vero
354 942 422 966 tum
445 935 617 975 ignorabat
640 945 673 965 se
697 934 738 965 ad
763 934 1021 965 crudelissimum
1038 933 1167 964 hostem
1183 937 1214 964 et
1231 933 1273 964 ad
1289 932 1448 973 exquisita

131 985 292 1027 supplicia
309 984 471 1026 proficisci
486 996 492 1014 :
516 984 572 1014 sed
588 983 813 1014 iusiurandum
829 982 1088 1014 conservandum
1104 982 1264 1023 putabat.’

177 1036 340 1076 Compare
363 1034 403 1065 de
427 1033 551 1064 Senect.
579 1042 626 1071 20,
651 1033 691 1063 de
715 1033 786 1063 Fin.
811 1041 839 1072 5.
867 1040 915 1072 27,
938 1042 997 1073 pro
1020 1031 1100 1062 Sest.
1119 1040 1169 1072 59,
1187 1031 1219 1061 in
1236 1031 1302 1062 Pis.
1320 1040 1359 1072 19
1377 1030 1448 1061 ‘M.

131 1083 277 1125 Regulus
301 1093 397 1124 quem
421 1082 710 1123 Karthaginienses
732 1081 862 1112 resectis
885 1080 1050 1122 palpebris
1067 1080 1231 1122 illigatum
1247 1080 1280 1111 in
1295 1079 1465 1111 machina'

132 1133 299 1175 vigilando
316 1132 531 1163 necavemnt!

178 1184 209 1213 It
235 1182 302 1213 will
328 1183 367 1212 be
392 1180 548 1212 observed
571 1180 643 1211 that
672 1180 726 1211 the
755 1184 923 1221 argument
951 1178 1080 1220 against
1108 1179 1297 1220 ransoming
1319 1178 1450 1209 Roman

133 1232 278 1270 soldiers,
297 1242 331 1262 as
348 1231 374 1261 it
390 1240 529 1271 appears
548 1231 579 1261 in
596 1230 651 1261 the
667 1230 750 1265 Ode,
766 1230 794 1260 is
810 1240 851 1259 an
867 1228 1016 1259 addition
1033 1233 1067 1259 to
1084 1228 1140 1259 the
1155 1233 1253 1268 story.

179 1328 259 1358 Line
286 1336 312 1357 1.
337 1329 449 1361 caelo,
473 1325 554 1356 with
578 1324 754 1366 ‘regnare,’
779 1323 925 1364 opposed
957 1327 992 1354 to
1021 1323 1213 1363 ‘praesens.'
1266 1322 1398 1364 Jupiter
1420 1321 1451 1351 in

134 1379 268 1414 heaven,
286 1377 408 1407 Caesar
423 1386 512 1417 upon
529 1374 628 1412 earth,
651 1383 677 1404 1.
698 1383 748 1404 12.
769 1382 819 1413 51,
837 1373 888 1412 58.

177 1428 413 1461 credidimus,
442 1436 462 1456 a
492 1425 584 1466 perf„
617 1428 624 1439 ‘
637 1434 673 1454 so
704 1422 801 1453 much
832 1422 887 1453 the
917 1421 1022 1452 world
1052 1421 1112 1453 has
1140 1421 1272 1463 already
1296 1431 1389 1452 come
1416 1425 1452 1451 to

135 1474 283 1507 believe?
936 1467 939 1469 ’

181 1535 209 1556 2.
233 1534 408 1561 praesens
424 1525 543 1557 divus,
561 1521 708 1563 opposed
732 1526 766 1552 to
783 1520 838 1551 the
854 1529 972 1551 unseen
989 1519 1072 1561 gods
1089 1519 1125 1550 of
1136 1519 1279 1554 heaven3
1304 1530 1356 1561 cp.
1375 1528 1404 1549 1.
1423 1528 1452 1550 2.

135 1584 176 1616 45
196 1578 203 1590 ‘
214 1584 302 1605 serus
319 1574 350 1604 in
368 1573 494 1604 caelum
511 1571 644 1603 redeas.’
690 1571 721 1601 It
744 1574 903 1610 suggests,
921 1568 1069 1610 perhapS,
1087 1575 1122 1601 at
1137 1569 1192 1600 the
1209 1579 1298 1600 same
1313 1569 1392 1600 time
1409 1569 1452 1599 its

135 1635 226 1656 more
248 1623 341 1654 usual
365 1632 455 1653 sense
472 1622 510 1653 of
530 1625 680 1662 ‘present
704 1625 739 1650 to
763 1617 886 1656 bless’3
912 1629 961 1659 cp.
979 1629 1009 1659 4.
1031 1628 1079 1660 14.
1095 1628 1136 1659 43
1155 1618 1280 1649 ‘tutela
1300 1628 1453 1659 praesens

136 1671 275 1711 Italiae,’
299 1672 391 1712 Virg.
409 1671 447 1702 E.
470 1679 496 1701 1.
513 1679 630 1711 43—45‚
647 1669 754 1700 where
778 1668 947 1708 Augustus
970 1668 997 1698 is
1020 1667 1075 1699 the
1100 1673 1270 1709 ‘praesens
1292 1666 1402 1698 divus'
1419 1666 1452 1698 in

135 1722 218 1754 both
235 1731 352 1753 senseS.

181 1781 211 1811 3.
235 1772 438 1802 Britannis.
484 1769 546 1810 Cp.
566 1777 593 1798 1.
612 1776 663 1807 35.
683 1777 732 1808 29,
750 1766 856 1797 where
873 1765 1042 1806 Augustus
1058 1766 1086 1797 is
1102 1766 1228 1807 spoken
1245 1765 1283 1797 of
1302 1775 1338 1797 as
1353 1764 1454 1796 medi-

135 1822 243 1862 tating
259 1820 313 1851 the
329 1830 417 1850 same
434 1824 498 1850 two
515 1818 666 1859 explosts,
681 1819 689 1831 ¹
701 1816 814 1847 Serves
831 1815 951 1845 iturum
966 1815 1140 1846 Caesarem
1156 1815 1189 1845 in
1205 1815 1340 1846 ultimos
1357 1815 1454 1846 Orbis

137 1870 318 1907 Britannos,
336 1874 368 1899 et
385 1868 537 1899 iuvenum
553 1876 663 1897 recens
680 1865 826 1895 Examen
844 1863 925 1894 Eois
941 1863 1121 1895 timendum
1138 1864 1291 1896 Partibus
1307 1864 1453 1896 Oceano-

137 1930 200 1961 que
216 1916 334 1949 rubro?

180 1980 211 2009 4.
237 1969 404 2004 imperio,
423 1976 474 1998 see
491 1976 533 1997 on
553 1974 578 1996 1.
602 1974 630 1995 2.
650 1963 699 1995 26.

180 2019 356 2054 gravibus
373 2017 509 2053 Persis,
528 2025 579 2046 see
597 2025 638 2045 on
658 2023 685 2044 1.
706 2023 732 2045 2.
753 2023 802 2046 21.

182 2077 211 2107 5.
234 2068 400 2097 milesne.
445 2065 527 2095 This
550 2064 641 2095 burst
666 2063 704 2094 of
726 2063 940 2104 infflgnation,
967 2061 1022 2093 the
1050 2072 1140 2093 more
1164 2060 1302 2093 sorcible
1325 2059 1376 2092 for
1397 2060 1454 2091 the

137 2115 366 2147 conventional
391 2120 468 2145 tone
492 2113 530 2144 of
548 2113 603 2144 the
627 2112 696 2143 first
719 2117 839 2151 stanza,
860 2113 886 2143 is
910 2111 1131 2152 immediately
1150 2109 1323 2151 suggested
1338 2110 1382 2150 by
1399 2110 1453 2141 the

136 2166 281 2196 mention
299 2164 334 2194 of
355 2164 409 2194 the
425 2162 549 2194 hateful
568 2162 750 2194 Parthians.
794 2163 966 2202 Augustus
989 2160 1016 2191 is
1041 2166 1075 2191 to
1099 2159 1225 2200 subject
1241 2159 1330 2191 them
1346 2163 1382 2190 to
1398 2159 1454 2190 the

136 2216 265 2246 Roman
283 2224 381 2253 sway.
429 2218 435 2230 ⁴
451 2212 519 2244 Can
543 2212 569 2244 it
592 2212 632 2243 be
656 2211 726 2242 that
751 2212 878 2243 Roman
903 2210 1040 2242 soldiers
1056 2209 1138 2241 have
1155 2209 1255 2241 borne
1272 2213 1307 2240 to
1323 2207 1398 2247 live,
1417 2210 1452 2238 t0
