1507 2427
513 79 610 111 ΠΒ.
633 79 698 111 JV.
741 79 815 111 OD.
843 78 902 111 VJ.
1262 81 1331 121 117

246 184 347 230 Quis
375 182 559 220 Parthum
589 189 736 232 paveat,
767 183 852 232 quis
881 182 1049 231 gelidum
1081 182 1258 233 Scythen,
1296 199 1333 229 25

247 248 346 295 Quis
376 247 584 285 Germania
613 259 710 296 quos
740 247 896 285 horrida
925 248 1083 297 parturit

246 313 376 358 Fetus,
406 312 586 362 incolumi
616 312 807 349 Caesare?
846 313 931 361 quis
962 313 1062 350 ferae

353 376 502 414 Bellum
531 383 636 413 curet
666 376 874 414 Hiberiae?

246 442 389 480 Condit
417 442 578 490 quisque
609 441 710 479 diem
739 442 900 480 collibus
929 442 967 479 in
998 443 1083 489 suis,

245 508 295 545 Et
323 508 437 544 vitem
468 507 600 544 viduas
630 507 735 544 ducit
764 509 813 545 ad
842 509 1020 554 arbores;
1295 522 1336 553 30

245 572 351 609 Hinc
381 573 429 609 ad
458 572 546 609 vina
575 573 672 610 redit
701 573 823 610 laetus
853 580 889 610 et
917 573 1042 611 alteris

351 637 412 675 Te
440 638 584 675 mensis
614 637 770 675 adhibet
800 638 938 685 deum3

246 702 306 740 Te
336 702 454 740 multa
482 715 606 751 prece,
637 709 674 739 te
703 703 946 752 prosequitur
975 715 1081 742 mero

244 767 391 805 Defuso
421 768 560 816 pateris
588 774 626 805 et
656 767 816 805 Laribus
846 775 953 805 tuum

244 832 382 869 Miscet
411 845 566 879 numen,
596 833 650 870 uti
681 832 844 870 Graecia
873 833 1044 871 Castoris
1294 849 1333 880 35

350 898 400 935 Et
428 899 559 947 magni
589 910 740 936 memor
769 898 961 936 Herculis.

244 963 402 1012 Longas
431 975 455 1000 o
484 963 642 1008 utinam,
673 964 749 1001 dux
778 964 891 1010 bone,
922 964 1032 1001 ferias

243 1028 416 1066 Praestes
446 1028 682 1077 Hesperiae!
723 1029 885 1066 dicimus
913 1029 1063 1078 integro

245 1079 342 1131 Sicci
372 1105 486 1130 mane
516 1093 588 1139 die,
618 1093 779 1131 dicimus
808 1094 922 1141 uvidi,

350 1157 451 1196 Cum
482 1158 548 1196 Sol
578 1157 739 1197 Oceano
769 1160 910 1198 subest.
1293 1173 1336 1204 40

589 1422 722 1461 ODE
760 1423 831 1461 VI.

241 1537 354 1584 DrvE,
384 1550 499 1587 quem
526 1538 654 1587 proles
683 1538 837 1576 Niobea
864 1551 1030 1588 magnae

241 1602 447 1641 Vindicem
476 1603 628 1652 linguae
658 1603 874 1652 Tityosque
903 1611 1033 1653 raptor

242 1667 368 1705 Sensit
397 1675 434 1705 et
462 1668 603 1705 Troiae
632 1680 753 1717 prope
782 1668 902 1706 victor
931 1669 1027 1706 altae

349 1733 509 1770 Phthius
539 1733 719 1780 Achilles,

242 1797 386 1836 Ceteris
415 1799 546 1844 maior,
578 1799 645 1836 tibi
675 1799 783 1837 miles
813 1799 948 1850 impar,
1319 1816 1336 1848 5

240 1863 357 1900 Filius
387 1864 560 1912 quamvis
591 1864 768 1902 Thetidis
798 1866 968 1903 marinae

241 1927 440 1965 Dardanas
470 1935 590 1966 turres
620 1935 792 1978 quateret
821 1929 1020 1968 tremenda

350 1992 520 2042 Cuspide
551 2006 719 2043 pugnax.

241 2057 320 2104 Ille,
350 2058 521 2095 mordaci
550 2059 650 2096 velut
679 2060 753 2097 icta
782 2059 862 2097 fero

240 2122 358 2160 Pinus
389 2130 451 2160 aut
481 2125 643 2172 impulsa
673 2137 877 2173 cupressus
905 2125 1021 2172 Euro,
1297 2141 1336 2162 10

242 2186 407 2225 Procidit
436 2189 508 2225 late
538 2189 742 2238 posuitque
773 2190 913 2227 collum
942 2190 982 2226 in

348 2252 503 2291 Pulvere
534 2254 698 2291 Teucro.
