1507 2427
520 73 683 103 LIBER.
724 72 866 104 EPOD.
887 71 932 102 X.

268 177 502 214 Exercitatas
532 183 595 213 aut
625 176 717 225 petit
748 175 877 224 Syrtes
908 174 1025 219 Noto,

323 244 399 280 Aut
430 241 543 278 fertur
572 242 716 277 incerto
746 241 849 277 mari.

270 306 501 354 Capaciores
530 305 621 341 affer
650 305 735 350 huc,
765 317 869 353 puer,
901 304 1066 354 scyphos

324 370 373 407 Et
403 370 498 408 Chia
527 370 613 406 vina
642 377 705 407 aut
734 370 898 407 Lesbia:

270 436 353 480 Vel,
383 435 487 484 quod
517 435 697 472 fluentem
728 447 909 472 nauseam
940 440 1122 478 coerceat,

323 500 459 537 Metire
488 501 598 537 nobis
629 499 874 537 Caecubum:

269 566 410 604 Curam
439 572 660 614 metumque
690 564 863 603 Caesaris
893 577 1016 602 rerum
1046 564 1145 600 iuvat

321 630 433 668 Dulci
462 630 591 680 Lyaeo
623 630 777 667 solvere.

571 887 794 926 EPODE
833 888 879 925 X.

270 1011 392 1050 MALA
422 1010 544 1049 soluta
573 1010 677 1047 navis
706 1010 782 1046 exit
810 1008 928 1054 alite‚'

325 1077 466 1114 Ferens
495 1076 660 1112 olentem
691 1075 908 1111 Maevium:

269 1141 322 1178 Ut
349 1141 512 1178 horridis
541 1148 744 1189 utrumque
774 1141 947 1177 verberes
978 1141 1083 1186 latus,

323 1207 474 1250 Auster,
504 1211 698 1241 memento
729 1204 929 1242 fluctibus!

270 1270 389 1319 Niger
417 1270 596 1306 rudentes
625 1268 749 1305 Eurus
779 1270 927 1306 inverso
959 1269 1052 1306 mari

323 1332 556 1380 Fractosque
584 1343 711 1368 remos
742 1331 913 1377 differat3

269 1398 447 1446 Insmgat
474 1396 626 1445 Aquilo,
657 1402 819 1445 quantus
849 1396 930 1433 altis
959 1395 1152 1432 montibus

323 1462 479 1510 Frangit
506 1468 711 1498 trementes
740 1461 868 1506 ilices;

270 1528 354 1565 Nee
384 1528 487 1565 sidus
517 1534 597 1563 atra
626 1533 739 1563 nocte
770 1526 935 1562 amicum
965 1530 1155 1573 appareat,

325 1592 414 1638 Qua
441 1593 554 1630 tristis
585 1592 706 1630 Orion
736 1591 860 1636 cadit3

271 1658 468 1705 Quietiore
498 1669 569 1694 nec
599 1657 737 1693 feratur
766 1668 942 1705 aequore,

324 1723 454 1769 Quam
484 1722 599 1759 Graia
627 1722 811 1759 victorum
841 1733 990 1765 manus,

271 1788 370 1826 Cum
400 1788 523 1824 Pallas
552 1794 638 1824 usto
668 1787 775 1824 vertit
804 1787 898 1822 iram
927 1787 975 1822 ab
1004 1785 1074 1821 Ilio

324 1853 371 1889 In
400 1852 556 1900 impiam
585 1851 713 1888 Aiacis
743 1852 887 1887 ratem!

271 1916 306 1955 O
336 1923 500 1966 quantus
529 1917 642 1952 instat
670 1915 803 1952 navitis
833 1914 949 1952 sudor
977 1913 1049 1950 tuis

323 1981 489 2029 Tibique
518 1980 639 2028 paIlor
666 1979 787 2016 luteus

269 2045 318 2082 Et
345 2045 407 2081 illa
436 2056 516 2081 non
544 2044 656 2081 virilis
686 2044 848 2089 eiulatio,

323 2109 458 2146 Preces
488 2115 524 2145 et
552 2120 723 2145 aversum
753 2108 801 2145 ad
830 2109 972 2154 Iovem,

270 2174 402 2211 Ionius
431 2173 508 2210 udo
537 2185 625 2210 cum
654 2173 870 2221 remugiens
901 2174 1003 2210 sinus

324 2237 429 2275 N'oto
459 2238 625 2274 carinam
654 2237 814 2286 ruperit!

1316 448 1354 478 35

1320 1604 1358 1624 10

1317 2248 1356 2269 20
