<?xml version="1.0" encoding="UTF-8"?>
<!DOCTYPE html PUBLIC "-//W3C//DTD XHTML 1.0 Transitional//EN"
    "http://www.w3.org/TR/xhtml1/DTD/xhtml1-transitional.dtd">
<html xmlns="http://www.w3.org/1999/xhtml" xml:lang="en" lang="en">
 <head>
  <title>
</title>
<meta http-equiv="Content-Type" content="text/html;charset=utf-8" />
  <meta name='ocr-system' content='tesseract 3.04.00' />
  <meta name='ocr-capabilities' content='ocr_page ocr_carea ocr_par ocr_line ocrx_word'/>
</head>
<body>
  <div class='ocr_page' id='page_1' title='image "./quintihoratiifl01horauoft_0074.png"; bbox 0 0 1507 2427; ppageno 0'>
   <div class='ocr_carea' id='block_1_1' title="bbox 156 82 1029 128">
    <p class='ocr_par' dir='ltr' id='par_1_1' title="bbox 156 82 1029 128">
     <span class='ocr_line' id='line_1_1' title="bbox 156 82 1029 128; baseline 0 -12"><span class='ocrx_word' id='word_1_1' title='bbox 156 82 204 128; x_wconf 83' lang='grc'>38</span> <span class='ocrx_word' id='word_1_2' title='bbox 509 85 642 116; x_wconf 78' lang='lat' dir='ltr'><em>HORA</em></span> <span class='ocrx_word' id='word_1_3' title='bbox 653 84 727 115; x_wconf 87' lang='lat' dir='ltr'>TII</span> <span class='ocrx_word' id='word_1_4' title='bbox 752 84 1029 116; x_wconf 79' lang='lat' dir='ltr'><em>CARMJNUM</em></span> 
     </span>
    </p>
   </div>
   <div class='ocr_carea' id='block_1_2' title="bbox 206 186 1405 1466">
    <p class='ocr_par' dir='ltr' id='par_1_2' title="bbox 207 186 1148 297">
     <span class='ocr_line' id='line_1_2' title="bbox 207 186 1148 236; baseline 0.001 -14"><span class='ocrx_word' id='word_1_5' title='bbox 207 186 310 223; x_wconf 86' lang='lat' dir='ltr'>Dant</span> <span class='ocrx_word' id='word_1_6' title='bbox 339 187 433 224; x_wconf 91' lang='lat' dir='ltr'>alios</span> <span class='ocrx_word' id='word_1_7' title='bbox 463 186 595 224; x_wconf 79' lang='lat' dir='ltr'>Furiae</span> <span class='ocrx_word' id='word_1_8' title='bbox 625 194 733 224; x_wconf 89' lang='lat' dir='ltr'>torvo</span> <span class='ocrx_word' id='word_1_9' title='bbox 763 187 979 236; x_wconf 90' lang='lat' dir='ltr'>spectacula</span> <span class='ocrx_word' id='word_1_10' title='bbox 1007 186 1121 225; x_wconf 90' lang='lat' dir='ltr'>Marti</span> <span class='ocrx_word' id='word_1_11' title='bbox 1136 200 1148 234; x_wconf 80' lang='lat'><em>3</em></span> 
     </span>
     <span class='ocr_line' id='line_1_3' title="bbox 368 251 1064 297; baseline 0.003 -10"><span class='ocrx_word' id='word_1_12' title='bbox 368 251 493 288; x_wconf 85' lang='lat' dir='ltr'>Exitio</span> <span class='ocrx_word' id='word_1_13' title='bbox 522 259 577 288; x_wconf 88' lang='lat' dir='ltr'>est</span> <span class='ocrx_word' id='word_1_14' title='bbox 605 252 757 288; x_wconf 86' lang='lat' dir='ltr'>avidum</span> <span class='ocrx_word' id='word_1_15' title='bbox 786 264 890 289; x_wconf 88' lang='lat' dir='ltr'>mare</span> <span class='ocrx_word' id='word_1_16' title='bbox 918 253 1064 297; x_wconf 87' lang='lat' dir='ltr'>nautis;</span> 
     </span>
    </p>

    <p class='ocr_par' dir='ltr' id='par_1_3' title="bbox 208 314 1402 430">
     <span class='ocr_line' id='line_1_4' title="bbox 208 314 1383 362; baseline 0.002 -11"><span class='ocrx_word' id='word_1_17' title='bbox 208 314 330 353; x_wconf 87' lang='lat' dir='ltr'>Mixta</span> <span class='ocrx_word' id='word_1_18' title='bbox 360 328 493 352; x_wconf 86' lang='lat' dir='ltr'>senum</span> <span class='ocrx_word' id='word_1_19' title='bbox 523 328 567 352; x_wconf 90' lang='lat' dir='ltr'>ac</span> <span class='ocrx_word' id='word_1_20' title='bbox 596 316 774 352; x_wconf 86' lang='lat' dir='ltr'>iuvenum</span> <span class='ocrx_word' id='word_1_21' title='bbox 804 317 1010 354; x_wconf 75' lang='lat' dir='ltr'><strong>densentur</strong></span> <span class='ocrx_word' id='word_1_22' title='bbox 1040 317 1198 362; x_wconf 82' lang='lat' dir='ltr'>funera3</span> <span class='ocrx_word' id='word_1_23' title='bbox 1238 317 1383 354; x_wconf 90' lang='lat' dir='ltr'>nullum</span> 
     </span>
     <span class='ocr_line' id='line_1_5' title="bbox 371 380 1402 430; baseline 0.001 -14"><span class='ocrx_word' id='word_1_24' title='bbox 371 381 490 417; x_wconf 80' lang='lat' dir='ltr'>Saeva</span> <span class='ocrx_word' id='word_1_25' title='bbox 519 387 632 429; x_wconf 88' lang='lat' dir='ltr'>caput</span> <span class='ocrx_word' id='word_1_26' title='bbox 661 380 887 429; x_wconf 79' lang='lat' dir='ltr'>Proserpina</span> <span class='ocrx_word' id='word_1_27' title='bbox 916 381 1020 430; x_wconf 82' lang='lat' dir='ltr'>fugit.</span> <span class='ocrx_word' id='word_1_28' title='bbox 1362 396 1402 417; x_wconf 91' lang='lat'>20</span> 
     </span>
    </p>

    <p class='ocr_par' dir='ltr' id='par_1_4' title="bbox 207 444 1145 557">
     <span class='ocr_line' id='line_1_6' title="bbox 207 444 1145 494; baseline 0 -13"><span class='ocrx_word' id='word_1_29' title='bbox 207 444 274 481; x_wconf 90' lang='lat' dir='ltr'>Me</span> <span class='ocrx_word' id='word_1_30' title='bbox 304 457 456 494; x_wconf 86' lang='lat' dir='ltr'>quoque</span> <span class='ocrx_word' id='word_1_31' title='bbox 485 445 618 481; x_wconf 80' lang='lat' dir='ltr'>devexi</span> <span class='ocrx_word' id='word_1_32' title='bbox 648 445 801 494; x_wconf 87' lang='lat' dir='ltr'>rapidus</span> <span class='ocrx_word' id='word_1_33' title='bbox 830 457 959 482; x_wconf 89' lang='lat' dir='ltr'>comes</span> <span class='ocrx_word' id='word_1_34' title='bbox 990 445 1145 483; x_wconf 85' lang='lat' dir='ltr'>Orionis</span> 
     </span>
     <span class='ocr_line' id='line_1_7' title="bbox 370 508 983 557; baseline 0.003 -12"><span class='ocrx_word' id='word_1_35' title='bbox 370 509 525 557; x_wconf 85' lang='lat' dir='ltr'>Illyricis</span> <span class='ocrx_word' id='word_1_36' title='bbox 555 508 681 546; x_wconf 84' lang='lat' dir='ltr'>Notus</span> <span class='ocrx_word' id='word_1_37' title='bbox 710 510 833 546; x_wconf 90' lang='lat' dir='ltr'>obruit</span> <span class='ocrx_word' id='word_1_38' title='bbox 861 510 983 547; x_wconf 84' lang='lat' dir='ltr'>undis.</span> 
     </span>
    </p>

    <p class='ocr_par' dir='ltr' id='par_1_5' title="bbox 206 575 1245 688">
     <span class='ocr_line' id='line_1_8' title="bbox 206 575 1245 623; baseline 0.001 -13"><span class='ocrx_word' id='word_1_39' title='bbox 206 575 259 610; x_wconf 92' lang='lat' dir='ltr'>At</span> <span class='ocrx_word' id='word_1_40' title='bbox 287 581 338 619; x_wconf 90' lang='lat' dir='ltr'>tu,</span> <span class='ocrx_word' id='word_1_41' title='bbox 368 580 493 618; x_wconf 85' lang='lat' dir='ltr'>nauta,</span> <span class='ocrx_word' id='word_1_42' title='bbox 524 585 641 621; x_wconf 87' lang='lat' dir='ltr'>vagae</span> <span class='ocrx_word' id='word_1_43' title='bbox 671 586 719 610; x_wconf 86' lang='lat' dir='ltr'>ne</span> <span class='ocrx_word' id='word_1_44' title='bbox 747 586 858 623; x_wconf 86' lang='lat' dir='ltr'>parce</span> <span class='ocrx_word' id='word_1_45' title='bbox 888 575 1078 623; x_wconf 85' lang='lat' dir='ltr'>malignus</span> <span class='ocrx_word' id='word_1_46' title='bbox 1108 586 1245 612; x_wconf 88' lang='lat' dir='ltr'>arenae</span> 
     </span>
     <span class='ocr_line' id='line_1_9' title="bbox 370 637 961 688; baseline 0.002 -13"><span class='ocrx_word' id='word_1_47' title='bbox 370 637 532 675; x_wconf 84' lang='lat' dir='ltr'>Ossibus</span> <span class='ocrx_word' id='word_1_48' title='bbox 561 646 596 675; x_wconf 88' lang='lat' dir='ltr'>et</span> <span class='ocrx_word' id='word_1_49' title='bbox 625 639 738 688; x_wconf 82' lang='lat' dir='ltr'>capiti</span> <span class='ocrx_word' id='word_1_50' title='bbox 765 639 961 676; x_wconf 85' lang='lat' dir='ltr'>inhumato</span> 
     </span>
    </p>

    <p class='ocr_par' dir='ltr' id='par_1_6' title="bbox 207 702 1400 816">
     <span class='ocr_line' id='line_1_10' title="bbox 207 702 1400 752; baseline 0 -12"><span class='ocrx_word' id='word_1_51' title='bbox 207 703 432 740; x_wconf 86' lang='lat' dir='ltr'>Particulam</span> <span class='ocrx_word' id='word_1_52' title='bbox 457 703 567 740; x_wconf 82' lang='lat' dir='ltr'>dare:</span> <span class='ocrx_word' id='word_1_53' title='bbox 597 703 662 748; x_wconf 89' lang='lat' dir='ltr'>sic,</span> <span class='ocrx_word' id='word_1_54' title='bbox 687 704 943 752; x_wconf 87' lang='lat' dir='ltr'>quodcunque</span> <span class='ocrx_word' id='word_1_55' title='bbox 967 704 1170 740; x_wconf 82' lang='lat' dir='ltr'>minabitur</span> <span class='ocrx_word' id='word_1_56' title='bbox 1193 702 1319 740; x_wconf 89' lang='lat' dir='ltr'>Eurus</span> <span class='ocrx_word' id='word_1_57' title='bbox 1363 719 1400 749; x_wconf 86' lang='lat'>²5</span> 
     </span>
     <span class='ocr_line' id='line_1_11' title="bbox 369 767 1052 816; baseline 0.003 -13"><span class='ocrx_word' id='word_1_58' title='bbox 369 767 562 805; x_wconf 86' lang='lat' dir='ltr'>Fluctibus</span> <span class='ocrx_word' id='word_1_59' title='bbox 593 767 802 816; x_wconf 86' lang='lat' dir='ltr'>Hesperiis,</span> <span class='ocrx_word' id='word_1_60' title='bbox 832 767 1052 805; x_wconf 76' lang='lat' dir='ltr'>Venusinae</span> 
     </span>
    </p>

    <p class='ocr_par' dir='ltr' id='par_1_7' title="bbox 208 832 1226 945">
     <span class='ocr_line' id='line_1_12' title="bbox 208 832 1226 881; baseline 0.001 -12"><span class='ocrx_word' id='word_1_61' title='bbox 208 832 423 869; x_wconf 88' lang='lat' dir='ltr'>Plectantur</span> <span class='ocrx_word' id='word_1_62' title='bbox 453 832 566 869; x_wconf 85' lang='lat' dir='ltr'>silvae</span> <span class='ocrx_word' id='word_1_63' title='bbox 594 839 631 869; x_wconf 90' lang='lat' dir='ltr'>te</span> <span class='ocrx_word' id='word_1_64' title='bbox 660 833 813 880; x_wconf 86' lang='lat' dir='ltr'>sospite,</span> <span class='ocrx_word' id='word_1_65' title='bbox 844 833 1039 881; x_wconf 85' lang='lat' dir='ltr'>multaque</span> <span class='ocrx_word' id='word_1_66' title='bbox 1068 844 1226 878; x_wconf 86' lang='lat' dir='ltr'>merceS,</span> 
     </span>
     <span class='ocr_line' id='line_1_13' title="bbox 369 896 1068 945; baseline 0 -12"><span class='ocrx_word' id='word_1_67' title='bbox 369 896 483 934; x_wconf 86' lang='lat' dir='ltr'>Unde</span> <span class='ocrx_word' id='word_1_68' title='bbox 513 904 648 945; x_wconf 91' lang='lat' dir='ltr'>potest,</span> <span class='ocrx_word' id='word_1_69' title='bbox 678 897 744 933; x_wconf 92' lang='lat' dir='ltr'>tibi</span> <span class='ocrx_word' id='word_1_70' title='bbox 775 897 914 933; x_wconf 87' lang='lat' dir='ltr'>defluat</span> <span class='ocrx_word' id='word_1_71' title='bbox 943 909 1068 945; x_wconf 88' lang='lat' dir='ltr'>aequo</span> 
     </span>
    </p>

    <p class='ocr_par' dir='ltr' id='par_1_8' title="bbox 206 961 1405 1074">
     <span class='ocr_line' id='line_1_14' title="bbox 206 961 1191 1010; baseline -0.001 -11"><span class='ocrx_word' id='word_1_72' title='bbox 206 962 269 999; x_wconf 91' lang='lat' dir='ltr'>Ab</span> <span class='ocrx_word' id='word_1_73' title='bbox 298 962 390 998; x_wconf 88' lang='lat' dir='ltr'>Iove</span> <span class='ocrx_word' id='word_1_74' title='bbox 420 961 679 1010; x_wconf 77' lang='lat' dir='ltr'>Neptunoque</span> <span class='ocrx_word' id='word_1_75' title='bbox 709 962 803 998; x_wconf 90' lang='lat' dir='ltr'>sacri</span> <span class='ocrx_word' id='word_1_76' title='bbox 833 962 990 998; x_wconf 89' lang='lat' dir='ltr'>custode</span> <span class='ocrx_word' id='word_1_77' title='bbox 1020 962 1191 999; x_wconf 81' lang='lat' dir='ltr'>Tarenti.</span> 
     </span>
     <span class='ocr_line' id='line_1_15' title="bbox 369 1025 1405 1074; baseline 0 -12"><span class='ocrx_word' id='word_1_78' title='bbox 369 1025 541 1074; x_wconf 82' lang='lat' dir='ltr'>Negligis</span> <span class='ocrx_word' id='word_1_79' title='bbox 570 1026 764 1062; x_wconf 89' lang='lat' dir='ltr'>immeritis</span> <span class='ocrx_word' id='word_1_80' title='bbox 794 1027 1005 1063; x_wconf 85' lang='lat' dir='ltr'>nocituram</span> <span class='ocrx_word' id='word_1_81' title='bbox 1364 1041 1405 1071; x_wconf 78' lang='lat'>30</span> 
     </span>
    </p>

    <p class='ocr_par' dir='ltr' id='par_1_9' title="bbox 208 1090 1325 1205">
     <span class='ocr_line' id='line_1_16' title="bbox 208 1090 1325 1128; baseline -0.002 0"><span class='ocrx_word' id='word_1_82' title='bbox 208 1091 418 1128; x_wconf 83' lang='lat' dir='ltr'>Postmodo</span> <span class='ocrx_word' id='word_1_83' title='bbox 449 1098 485 1127; x_wconf 91' lang='lat' dir='ltr'>te</span> <span class='ocrx_word' id='word_1_84' title='bbox 514 1091 611 1126; x_wconf 89' lang='lat' dir='ltr'>natis</span> <span class='ocrx_word' id='word_1_85' title='bbox 641 1091 812 1127; x_wconf 87' lang='lat' dir='ltr'>fraudem</span> <span class='ocrx_word' id='word_1_86' title='bbox 843 1092 1109 1128; x_wconf 85' lang='lat' dir='ltr'>committere?</span> <span class='ocrx_word' id='word_1_87' title='bbox 1163 1090 1259 1128; x_wconf 90' lang='lat' dir='ltr'>Fors</span> <span class='ocrx_word' id='word_1_88' title='bbox 1287 1096 1325 1128; x_wconf 89' lang='lat' dir='ltr'>et</span> 
     </span>
     <span class='ocr_line' id='line_1_17' title="bbox 369 1155 1037 1205; baseline 0.003 -14"><span class='ocrx_word' id='word_1_89' title='bbox 369 1155 507 1192; x_wconf 83' lang='lat' dir='ltr'>Debita</span> <span class='ocrx_word' id='word_1_90' title='bbox 535 1156 615 1192; x_wconf 89' lang='lat' dir='ltr'>iura</span> <span class='ocrx_word' id='word_1_91' title='bbox 643 1156 818 1204; x_wconf 90' lang='lat' dir='ltr'>vicesque</span> <span class='ocrx_word' id='word_1_92' title='bbox 851 1157 1037 1205; x_wconf 86' lang='lat' dir='ltr'>superbae</span> 
     </span>
    </p>

    <p class='ocr_par' dir='ltr' id='par_1_10' title="bbox 208 1220 1318 1334">
     <span class='ocr_line' id='line_1_18' title="bbox 208 1220 1318 1270; baseline -0.002 -12"><span class='ocrx_word' id='word_1_93' title='bbox 208 1220 268 1258; x_wconf 88' lang='lat' dir='ltr'>Te</span> <span class='ocrx_word' id='word_1_94' title='bbox 298 1227 478 1257; x_wconf 87' lang='lat' dir='ltr'>maneant</span> <span class='ocrx_word' id='word_1_95' title='bbox 508 1221 653 1270; x_wconf 88' lang='lat' dir='ltr'>ipsum:</span> <span class='ocrx_word' id='word_1_96' title='bbox 692 1222 867 1270; x_wconf 87' lang='lat' dir='ltr'>precibus</span> <span class='ocrx_word' id='word_1_97' title='bbox 897 1233 976 1257; x_wconf 84' lang='lat' dir='ltr'>non</span> <span class='ocrx_word' id='word_1_98' title='bbox 1004 1221 1153 1270; x_wconf 89' lang='lat' dir='ltr'>linquar</span> <span class='ocrx_word' id='word_1_99' title='bbox 1180 1220 1318 1265; x_wconf 89' lang='lat' dir='ltr'>inultis,</span> 
     </span>
     <span class='ocr_line' id='line_1_19' title="bbox 369 1285 1045 1334; baseline 0 -12"><span class='ocrx_word' id='word_1_100' title='bbox 369 1285 506 1334; x_wconf 88' lang='lat' dir='ltr'>Teque</span> <span class='ocrx_word' id='word_1_101' title='bbox 536 1286 685 1333; x_wconf 87' lang='lat' dir='ltr'>piacula</span> <span class='ocrx_word' id='word_1_102' title='bbox 714 1286 814 1322; x_wconf 90' lang='lat' dir='ltr'>nulla</span> <span class='ocrx_word' id='word_1_103' title='bbox 845 1286 1045 1322; x_wconf 87' lang='lat' dir='ltr'>resolvent.</span> 
     </span>
    </p>

    <p class='ocr_par' dir='ltr' id='par_1_11' title="bbox 209 1348 1401 1466">
     <span class='ocr_line' id='line_1_20' title="bbox 209 1348 1401 1400; baseline -0.002 -13"><span class='ocrx_word' id='word_1_104' title='bbox 209 1350 453 1400; x_wconf 80' lang='lat' dir='ltr'>Quamquam</span> <span class='ocrx_word' id='word_1_105' title='bbox 484 1350 648 1393; x_wconf 82' lang='lat' dir='ltr'>festinas,</span> <span class='ocrx_word' id='word_1_106' title='bbox 680 1363 760 1387; x_wconf 92' lang='lat' dir='ltr'>non</span> <span class='ocrx_word' id='word_1_107' title='bbox 789 1358 845 1387; x_wconf 86' lang='lat' dir='ltr'>est</span> <span class='ocrx_word' id='word_1_108' title='bbox 874 1362 984 1387; x_wconf 91' lang='lat' dir='ltr'>mora</span> <span class='ocrx_word' id='word_1_109' title='bbox 1013 1350 1153 1398; x_wconf 81' lang='lat' dir='ltr'>longa;</span> <span class='ocrx_word' id='word_1_110' title='bbox 1193 1348 1319 1386; x_wconf 86' lang='lat' dir='ltr'>licebit</span> <span class='ocrx_word' id='word_1_111' title='bbox 1362 1363 1401 1394; x_wconf 82' lang='lat'>35</span> 
     </span>
     <span class='ocr_line' id='line_1_21' title="bbox 368 1416 945 1466; baseline 0.002 -14"><span class='ocrx_word' id='word_1_112' title='bbox 368 1416 514 1453; x_wconf 68' lang='lat' dir='ltr'>hiiecto</span> <span class='ocrx_word' id='word_1_113' title='bbox 542 1425 597 1453; x_wconf 87' lang='lat' dir='ltr'>ter</span> <span class='ocrx_word' id='word_1_114' title='bbox 627 1416 778 1466; x_wconf 87' lang='lat' dir='ltr'>pulvere</span> <span class='ocrx_word' id='word_1_115' title='bbox 808 1428 945 1453; x_wconf 83' lang='lat' dir='ltr'>curras.</span> 
     </span>
    </p>
   </div>
   <div class='ocr_carea' id='block_1_3' title="bbox 618 1680 932 1719">
    <p class='ocr_par' dir='ltr' id='par_1_12' title="bbox 618 1680 932 1719">
     <span class='ocr_line' id='line_1_22' title="bbox 618 1680 932 1719; baseline -0.003 0"><span class='ocrx_word' id='word_1_116' title='bbox 618 1680 654 1719; x_wconf 92' lang='lat' dir='ltr'>O</span> <span class='ocrx_word' id='word_1_117' title='bbox 668 1680 704 1717; x_wconf 91' lang='lat' dir='ltr'><strong>D</strong></span> <span class='ocrx_word' id='word_1_118' title='bbox 715 1681 749 1717; x_wconf 86' lang='lat' dir='ltr'>E</span> <span class='ocrx_word' id='word_1_119' title='bbox 787 1681 932 1718; x_wconf 80' lang='lat' dir='ltr'>XX1X.</span> 
     </span>
    </p>
   </div>
   <div class='ocr_carea' id='block_1_4' title="bbox 315 1803 1400 2299">
    <p class='ocr_par' dir='ltr' id='par_1_13' title="bbox 315 1803 1400 2299">
     <span class='ocr_line' id='line_1_23' title="bbox 316 1803 1059 1847; baseline -0.003 -6"><span class='ocrx_word' id='word_1_120' title='bbox 316 1804 405 1847; x_wconf 77' lang='lat' dir='ltr'>Iccr,</span> <span class='ocrx_word' id='word_1_121' title='bbox 432 1803 554 1840; x_wconf 89' lang='lat' dir='ltr'>beatis</span> <span class='ocrx_word' id='word_1_122' title='bbox 583 1815 685 1839; x_wconf 87' lang='lat' dir='ltr'>nunc</span> <span class='ocrx_word' id='word_1_123' title='bbox 715 1803 885 1839; x_wconf 82' lang='lat' dir='ltr'>Arabum</span> <span class='ocrx_word' id='word_1_124' title='bbox 914 1803 1059 1839; x_wconf 86' lang='lat' dir='ltr'>invides</span> 
     </span>
     <span class='ocr_line' id='line_1_24' title="bbox 316 1867 1001 1915; baseline -0.001 -11"><span class='ocrx_word' id='word_1_125' title='bbox 316 1867 442 1912; x_wconf 84' lang='lat' dir='ltr'>Gazis,</span> <span class='ocrx_word' id='word_1_126' title='bbox 472 1875 508 1905; x_wconf 87' lang='lat' dir='ltr'>et</span> <span class='ocrx_word' id='word_1_127' title='bbox 537 1879 662 1904; x_wconf 88' lang='lat' dir='ltr'>acrem</span> <span class='ocrx_word' id='word_1_128' title='bbox 691 1867 860 1903; x_wconf 86' lang='lat' dir='ltr'>militiam</span> <span class='ocrx_word' id='word_1_129' title='bbox 890 1879 1001 1915; x_wconf 88' lang='lat' dir='ltr'>paras</span> 
     </span>
     <span class='ocr_line' id='line_1_25' title="bbox 368 1931 960 1970; baseline -0.005 0"><span class='ocrx_word' id='word_1_130' title='bbox 368 1932 460 1970; x_wconf 88' lang='lat' dir='ltr'>Non</span> <span class='ocrx_word' id='word_1_131' title='bbox 490 1940 576 1970; x_wconf 89' lang='lat' dir='ltr'>ante</span> <span class='ocrx_word' id='word_1_132' title='bbox 606 1932 759 1968; x_wconf 88' lang='lat' dir='ltr'>devictis</span> <span class='ocrx_word' id='word_1_133' title='bbox 790 1931 960 1968; x_wconf 80' lang='lat' dir='ltr'>Sabaeae</span> 
     </span>
     <span class='ocr_line' id='line_1_26' title="bbox 422 1995 1023 2046; baseline -0.003 -13"><span class='ocrx_word' id='word_1_134' title='bbox 422 1997 604 2046; x_wconf 79' lang='lat' dir='ltr'>Regibus,</span> <span class='ocrx_word' id='word_1_135' title='bbox 634 1996 874 2044; x_wconf 83' lang='lat' dir='ltr'>horribilique</span> <span class='ocrx_word' id='word_1_136' title='bbox 905 1995 1023 2032; x_wconf 86' lang='lat' dir='ltr'>Medo</span> 
     </span>
     <span class='ocr_line' id='line_1_27' title="bbox 315 2060 1400 2109; baseline -0.003 -10"><span class='ocrx_word' id='word_1_137' title='bbox 315 2062 446 2099; x_wconf 86' lang='lat' dir='ltr'>Nectis</span> <span class='ocrx_word' id='word_1_138' title='bbox 476 2062 658 2099; x_wconf 84' lang='lat' dir='ltr'>catenas?</span> <span class='ocrx_word' id='word_1_139' title='bbox 717 2060 826 2106; x_wconf 87' lang='lat' dir='ltr'>Quae</span> <span class='ocrx_word' id='word_1_140' title='bbox 856 2061 921 2097; x_wconf 84' lang='lat' dir='ltr'>tibi</span> <span class='ocrx_word' id='word_1_141' title='bbox 951 2061 1138 2109; x_wconf 82' lang='lat' dir='ltr'>virginum</span> <span class='ocrx_word' id='word_1_142' title='bbox 1381 2074 1400 2107; x_wconf 88' lang='lat'><strong><em>5</em></strong></span> 
     </span>
     <span class='ocr_line' id='line_1_28' title="bbox 316 2126 1012 2176; baseline -0.003 -13"><span class='ocrx_word' id='word_1_143' title='bbox 316 2127 468 2176; x_wconf 87' lang='lat' dir='ltr'>Sponso</span> <span class='ocrx_word' id='word_1_144' title='bbox 498 2133 633 2163; x_wconf 86' lang='lat' dir='ltr'>necato</span> <span class='ocrx_word' id='word_1_145' title='bbox 662 2126 821 2163; x_wconf 83' lang='lat' dir='ltr'>barbara</span> <span class='ocrx_word' id='word_1_146' title='bbox 852 2126 1012 2162; x_wconf 86' lang='lat' dir='ltr'>serviet?</span> 
     </span>
     <span class='ocr_line' id='line_1_29' title="bbox 367 2190 939 2239; baseline -0.005 -11"><span class='ocrx_word' id='word_1_147' title='bbox 367 2191 465 2229; x_wconf 87' lang='lat' dir='ltr'>Puer</span> <span class='ocrx_word' id='word_1_148' title='bbox 493 2192 577 2239; x_wconf 87' lang='lat' dir='ltr'>quis</span> <span class='ocrx_word' id='word_1_149' title='bbox 606 2204 652 2228; x_wconf 80' lang='lat' dir='ltr'>ex</span> <span class='ocrx_word' id='word_1_150' title='bbox 682 2191 766 2227; x_wconf 88' lang='lat' dir='ltr'>aula</span> <span class='ocrx_word' id='word_1_151' title='bbox 796 2190 939 2239; x_wconf 89' lang='lat' dir='ltr'>capillis</span> 
     </span>
     <span class='ocr_line' id='line_1_30' title="bbox 421 2251 1063 2299; baseline -0.005 -7"><span class='ocrx_word' id='word_1_152' title='bbox 421 2257 483 2293; x_wconf 84' lang='lat' dir='ltr'>Ad</span> <span class='ocrx_word' id='word_1_153' title='bbox 513 2257 690 2292; x_wconf 70' lang='lat' dir='ltr'>crathum</span> <span class='ocrx_word' id='word_1_154' title='bbox 720 2263 898 2293; x_wconf 77' lang='lat' dir='ltr'>statuetur</span> <span class='ocrx_word' id='word_1_155' title='bbox 927 2251 1063 2299; x_wconf 72' lang='lat' dir='ltr'>unctis,</span> 
     </span>
    </p>
   </div>
   <div class='ocr_carea' id='block_1_5' title="bbox 1464 0 1507 1948">
    <p class='ocr_par' dir='ltr' id='par_1_14' title="bbox 1464 0 1507 1948">
     <span class='ocr_line' id='line_1_31' title="bbox 1464 0 1507 1948; baseline 0 0"><span class='ocrx_word' id='word_1_156' title='bbox 1464 0 1507 1948; x_wconf 95' lang='lat' dir='ltr'> </span> 
     </span>
    </p>
   </div>
  </div>
 </body>
</html>
