1507 2427
425 67 519 99 LIB.
539 67 581 99 I.-
611 67 685 99 OD.
704 66 876 97 XXXVI.

201 167 260 204 Te
291 166 385 216 Spes
415 173 450 204 et
479 167 565 204 albo
595 179 677 204 rara
705 166 818 204 Fides
847 166 935 203 colit

200 231 334 268 Velata
362 243 492 280 panno
522 244 592 268 nec
622 232 801 269 comitem
831 232 1006 279 abnegat,
1022 256 1041 275 «μ
1080 254 1084 258 -

254 295 456 344 Utcunque
485 302 628 333 mutata
656 292 829 345 pb‘f'e‘r'stes

307 360 423 397 Veste
454 361 591 397 domos
620 360 773 397 inimica
801 360 949 408 linquis.

201 424 251 461 At
279 425 412 474 volgus
441 425 598 461 infidum
628 431 664 462 et
693 425 868 462 meretrix
897 432 995 462 retro

201 490 353 527 Periura
378 490 487 535 cedit,
518 490 720 539 diffugiunt
748 490 852 527 cadis

256 554 355 591 Cum
384 554 489 592 faece
518 555 667 592 siccatis
696 555 808 592 amici

308 618 419 656 Ferre
448 620 580 668 iugum
610 620 747 668 pariter
776 619 910 656 dolosi.

203 684 335 722 Serves
365 685 501 720 iturum
532 683 735 721 Caesarem
764 684 802 720 in
830 684 982 721 ultimos

203 747 316 786 Orbis
346 748 549 786 Britannos
579 755 615 785 et
643 749 821 785 iuvenum
845 760 978 785 recens

255 813 428 851 Examen
457 814 549 851 Eois
579 813 790 850 timendum

311 877 484 915 Partibus
515 878 751 927 Oceanoque
781 879 905 916 rubro.

203 942 311 979 Eheu
341 943 557 981 cicatricum
587 951 623 981 et
652 944 802 981 sceleris
832 943 948 993 pudet

204 1007 464 1057 Fratrumque.
521 1007 626 1054 Quid
656 1021 728 1046 nos
759 1008 852 1045 dura
880 1008 1087 1056 refugimus

256 1073 397 1109 Aetas?
437 1073 527 1121 quid
557 1074 739 1110 intactum
771 1073 905 1110 nefasti

311 1138 534 1186 Liquimus?
573 1139 673 1175 unde
703 1151 857 1175 manum
888 1138 1058 1175 iuventus

205 1201 313 1239 Metu
342 1203 499 1239 deorum
529 1203 742 1241 continuit?
780 1203 918 1252 quibus

203 1265 376 1315 Pepercit
403 1267 504 1304 aris?
562 1267 597 1305 O
627 1268 771 1304 utinam
801 1280 901 1304 nova

257 1330 401 1368 Incude
431 1332 605 1380 diffingas
635 1339 803 1369 retusum
832 1332 871 1368 in

312 1395 550 1445 Massagetas
576 1397 800 1447 Arabasque
829 1396 992 1434 ferrum!

484 1689 520 1727 O
535 1690 572 1726 D
586 1690 619 1726 E
658 1690 842 1727 XXXVI.

148 1788 208 1825 ET
236 1786 343 1825 thure
372 1792 409 1824 et
437 1786 575 1823 fidibus
605 1787 706 1823 iuvat

254 1851 408 1888 Placare
437 1857 474 1887 et
501 1850 603 1887 vituli
632 1851 818 1899 sanguine
849 1850 978 1888 debito

148 1913 338 1951 Custodes
367 1912 558 1949 Numidae
589 1913 694 1957 deos,

255 1977 333 2023 Qui
362 1989 464 2014 nunc
494 1977 684 2026 Hesperia
714 1988 848 2025 sospes
878 1978 926 2014 ab
956 1977 1087 2014 ultima

149 2041 255 2080 Caris
283 2042 401 2078 multa
432 2041 635 2087 sodalibus,

255 2106 357 2142 Nulli
386 2106 492 2154 plura
521 2112 650 2143 tamen
681 2106 811 2144 dividit
841 2107 974 2145 oscula

150 2171 276 2218 Quam
307 2171 404 2208 dulci
434 2170 603 2216 Lamiae,
633 2183 781 2209 memor

257 2235 373 2273 Actae
403 2247 483 2273 non
513 2236 586 2273 alio
616 2249 705 2285 rege
735 2237 905 2286 puertiae

1228 73 1277 109 43

1242 439 1278 470 25

1244 764 1283 795 30

1243 1086 1282 1118 35

1247 1412 1288 1443 40
