<?xml version="1.0" encoding="UTF-8"?>
<!DOCTYPE html PUBLIC "-//W3C//DTD XHTML 1.0 Transitional//EN"
    "http://www.w3.org/TR/xhtml1/DTD/xhtml1-transitional.dtd">
<html xmlns="http://www.w3.org/1999/xhtml" xml:lang="en" lang="en">
 <head>
  <title>
</title>
<meta http-equiv="Content-Type" content="text/html;charset=utf-8" />
  <meta name='ocr-system' content='tesseract 3.04.00' />
  <meta name='ocr-capabilities' content='ocr_page ocr_carea ocr_par ocr_line ocrx_word'/>
</head>
<body>
  <div class='ocr_page' id='page_1' title='image "./quintihoratiifl01horauoft_0083.png"; bbox 0 0 1507 2427; ppageno 0'>
   <div class='ocr_carea' id='block_1_1' title="bbox 494 95 872 127">
    <p class='ocr_par' dir='ltr' id='par_1_1' title="bbox 494 95 872 127">
     <span class='ocr_line' id='line_1_1' title="bbox 494 95 872 127; baseline -0.003 -1"><span class='ocrx_word' id='word_1_1' title='bbox 494 95 587 127; x_wconf 83' lang='lat' dir='ltr'><em>LIB.</em></span> <span class='ocrx_word' id='word_1_2' title='bbox 608 95 661 127; x_wconf 85' lang='lat' dir='ltr'>ll.</span> <span class='ocrx_word' id='word_1_3' title='bbox 723 95 798 127; x_wconf 90' lang='lat' dir='ltr'>OD.</span> <span class='ocrx_word' id='word_1_4' title='bbox 819 95 872 126; x_wconf 88' lang='lat' dir='ltr'>II.</span> 
     </span>
    </p>
   </div>
   <div class='ocr_carea' id='block_1_2' title="bbox 267 196 1116 1215">
    <p class='ocr_par' dir='ltr' id='par_1_2' title="bbox 267 196 1008 376">
     <span class='ocr_line' id='line_1_2' title="bbox 267 196 1008 247; baseline -0.001 -11"><span class='ocrx_word' id='word_1_5' title='bbox 267 198 365 236; x_wconf 89' lang='lat' dir='ltr'>Iuno</span> <span class='ocrx_word' id='word_1_6' title='bbox 395 203 432 235; x_wconf 89' lang='lat' dir='ltr'>et</span> <span class='ocrx_word' id='word_1_7' title='bbox 460 196 619 234; x_wconf 89' lang='lat' dir='ltr'>deorum</span> <span class='ocrx_word' id='word_1_8' title='bbox 650 197 819 247; x_wconf 90' lang='lat' dir='ltr'>quisquis</span> <span class='ocrx_word' id='word_1_9' title='bbox 848 198 1008 235; x_wconf 85' lang='lat' dir='ltr'>amicior</span> 
     </span>
     <span class='ocr_line' id='line_1_3' title="bbox 267 262 930 311; baseline 0 -11"><span class='ocrx_word' id='word_1_10' title='bbox 267 263 368 300; x_wconf 83' lang='lat' dir='ltr'>Afris</span> <span class='ocrx_word' id='word_1_11' title='bbox 397 262 514 299; x_wconf 89' lang='lat' dir='ltr'>inulta</span> <span class='ocrx_word' id='word_1_12' title='bbox 543 269 708 299; x_wconf 83' lang='lat' dir='ltr'><strong>cesserat</strong></span> <span class='ocrx_word' id='word_1_13' title='bbox 737 262 930 311; x_wconf 88' lang='lat' dir='ltr'>impotens</span> 
     </span>
     <span class='ocr_line' id='line_1_4' title="bbox 321 327 877 376; baseline -0.002 -10"><span class='ocrx_word' id='word_1_14' title='bbox 321 327 474 366; x_wconf 84' lang='lat' dir='ltr'>Tellure</span> <span class='ocrx_word' id='word_1_15' title='bbox 502 327 687 364; x_wconf 90' lang='lat' dir='ltr'>victorum</span> <span class='ocrx_word' id='word_1_16' title='bbox 717 334 877 376; x_wconf 87' lang='lat' dir='ltr'>nepotes</span> 
     </span>
    </p>

    <p class='ocr_par' dir='ltr' id='par_1_3' title="bbox 269 391 1064 571">
     <span class='ocr_line' id='line_1_5' title="bbox 374 391 948 440; baseline 0.002 -12"><span class='ocrx_word' id='word_1_17' title='bbox 374 391 529 428; x_wconf 88' lang='lat' dir='ltr'>Rettulit</span> <span class='ocrx_word' id='word_1_18' title='bbox 558 391 709 428; x_wconf 85' lang='lat' dir='ltr'>inferias</span> <span class='ocrx_word' id='word_1_19' title='bbox 733 391 948 440; x_wconf 82' lang='lat' dir='ltr'>Iugurthae.</span> 
     </span>
     <span class='ocr_line' id='line_1_6' title="bbox 269 455 1064 505; baseline -0.001 -11"><span class='ocrx_word' id='word_1_20' title='bbox 269 457 364 504; x_wconf 88' lang='lat' dir='ltr'>Quis</span> <span class='ocrx_word' id='word_1_21' title='bbox 393 468 471 493; x_wconf 89' lang='lat' dir='ltr'>non</span> <span class='ocrx_word' id='word_1_22' title='bbox 500 455 638 493; x_wconf 87' lang='lat' dir='ltr'>Latino</span> <span class='ocrx_word' id='word_1_23' title='bbox 670 457 856 504; x_wconf 83' lang='lat' dir='ltr'>sanguine</span> <span class='ocrx_word' id='word_1_24' title='bbox 886 457 1064 505; x_wconf 86' lang='lat' dir='ltr'>pinguior</span> 
     </span>
     <span class='ocr_line' id='line_1_7' title="bbox 269 520 968 571; baseline -0.003 -11"><span class='ocrx_word' id='word_1_25' title='bbox 269 522 439 570; x_wconf 85' lang='lat' dir='ltr'>Campus</span> <span class='ocrx_word' id='word_1_26' title='bbox 468 520 647 571; x_wconf 85' lang='lat' dir='ltr'>sepulcris</span> <span class='ocrx_word' id='word_1_27' title='bbox 677 522 795 569; x_wconf 85' lang='lat' dir='ltr'>impia</span> <span class='ocrx_word' id='word_1_28' title='bbox 823 521 968 569; x_wconf 89' lang='lat' dir='ltr'>proelia</span> 
     </span>
    </p>

    <p class='ocr_par' dir='ltr' id='par_1_4' title="bbox 320 585 938 634">
     <span class='ocr_line' id='line_1_8' title="bbox 320 585 938 634; baseline 0 -11"><span class='ocrx_word' id='word_1_29' title='bbox 320 585 501 623; x_wconf 81' lang='lat' dir='ltr'>Testatur</span> <span class='ocrx_word' id='word_1_30' title='bbox 531 585 779 634; x_wconf 82' lang='lat' dir='ltr'>auditumque</span> <span class='ocrx_word' id='word_1_31' title='bbox 811 585 938 623; x_wconf 88' lang='lat' dir='ltr'>Medis</span> 
     </span>
    </p>

    <p class='ocr_par' dir='ltr' id='par_1_5' title="bbox 271 650 1116 830">
     <span class='ocr_line' id='line_1_9' title="bbox 377 650 979 699; baseline -0.003 -11"><span class='ocrx_word' id='word_1_32' title='bbox 377 650 591 699; x_wconf 85' lang='lat' dir='ltr'>Hesperiae</span> <span class='ocrx_word' id='word_1_33' title='bbox 621 650 789 687; x_wconf 87' lang='lat' dir='ltr'>sonitum</span> <span class='ocrx_word' id='word_1_34' title='bbox 819 651 979 687; x_wconf 89' lang='lat' dir='ltr'>ruinae?</span> 
     </span>
     <span class='ocr_line' id='line_1_10' title="bbox 271 714 1116 764; baseline -0.002 -11"><span class='ocrx_word' id='word_1_35' title='bbox 271 716 347 762; x_wconf 86' lang='lat' dir='ltr'>Qui</span> <span class='ocrx_word' id='word_1_36' title='bbox 377 727 515 764; x_wconf 84' lang='lat' dir='ltr'>gurges</span> <span class='ocrx_word' id='word_1_37' title='bbox 544 721 607 752; x_wconf 90' lang='lat' dir='ltr'>aut</span> <span class='ocrx_word' id='word_1_38' title='bbox 637 727 733 763; x_wconf 86' lang='lat' dir='ltr'>quae</span> <span class='ocrx_word' id='word_1_39' title='bbox 764 715 920 752; x_wconf 81' lang='lat' dir='ltr'>flumina</span> <span class='ocrx_word' id='word_1_40' title='bbox 948 714 1116 763; x_wconf 87' lang='lat' dir='ltr'>lugubris</span> 
     </span>
     <span class='ocr_line' id='line_1_11' title="bbox 271 779 1028 830; baseline -0.001 -12"><span class='ocrx_word' id='word_1_41' title='bbox 271 781 412 830; x_wconf 89' lang='lat' dir='ltr'>Ignara</span> <span class='ocrx_word' id='word_1_42' title='bbox 438 780 553 817; x_wconf 86' lang='lat' dir='ltr'>belli?</span> <span class='ocrx_word' id='word_1_43' title='bbox 589 779 694 828; x_wconf 90' lang='lat' dir='ltr'>quod</span> <span class='ocrx_word' id='word_1_44' title='bbox 722 791 826 816; x_wconf 86' lang='lat' dir='ltr'>mare</span> <span class='ocrx_word' id='word_1_45' title='bbox 855 779 1028 817; x_wconf 84' lang='lat' dir='ltr'>Dauniae</span> 
     </span>
    </p>

    <p class='ocr_par' dir='ltr' id='par_1_6' title="bbox 323 844 905 882">
     <span class='ocr_line' id='line_1_12' title="bbox 323 844 905 882; baseline -0.003 0"><span class='ocrx_word' id='word_1_46' title='bbox 323 844 417 882; x_wconf 91' lang='lat' dir='ltr'>Non</span> <span class='ocrx_word' id='word_1_47' title='bbox 446 844 713 882; x_wconf 88' lang='lat' dir='ltr'>decoloravere</span> <span class='ocrx_word' id='word_1_48' title='bbox 743 844 905 881; x_wconf 85' lang='lat' dir='ltr'>caedes?</span> 
     </span>
    </p>

    <p class='ocr_par' dir='ltr' id='par_1_7' title="bbox 271 909 1065 1083">
     <span class='ocr_line' id='line_1_13' title="bbox 377 909 1065 954; baseline -0.003 -8"><span class='ocrx_word' id='word_1_49' title='bbox 377 909 488 954; x_wconf 88' lang='lat' dir='ltr'>Quae</span> <span class='ocrx_word' id='word_1_50' title='bbox 518 915 619 946; x_wconf 88' lang='lat' dir='ltr'>caret</span> <span class='ocrx_word' id='word_1_51' title='bbox 648 920 715 945; x_wconf 91' lang='lat' dir='ltr'>ora</span> <span class='ocrx_word' id='word_1_52' title='bbox 745 920 887 945; x_wconf 90' lang='lat' dir='ltr'>cruore.</span> <span class='ocrx_word' id='word_1_53' title='bbox 907 910 1065 945; x_wconf 88' lang='lat' dir='ltr'>nostro?</span> 
     </span>
     <span class='ocr_line' id='line_1_14' title="bbox 272 973 1047 1021; baseline -0.003 -10"><span class='ocrx_word' id='word_1_54' title='bbox 272 974 349 1012; x_wconf 89' lang='lat' dir='ltr'>Sed</span> <span class='ocrx_word' id='word_1_55' title='bbox 378 986 426 1010; x_wconf 87' lang='lat' dir='ltr'>ne</span> <span class='ocrx_word' id='word_1_56' title='bbox 445 974 594 1018; x_wconf 88' lang='lat' dir='ltr'>relictis,</span> <span class='ocrx_word' id='word_1_57' title='bbox 624 973 739 1010; x_wconf 85' lang='lat' dir='ltr'>Musa</span> <span class='ocrx_word' id='word_1_58' title='bbox 767 985 922 1021; x_wconf 84' lang='lat' dir='ltr'>procax,</span> <span class='ocrx_word' id='word_1_59' title='bbox 954 973 1047 1009; x_wconf 87' lang='lat' dir='ltr'>iocis</span> 
     </span>
     <span class='ocr_line' id='line_1_15' title="bbox 271 1037 942 1083; baseline -0.004 -7"><span class='ocrx_word' id='word_1_60' title='bbox 271 1038 372 1076; x_wconf 85' lang='lat' dir='ltr'>Ceae</span> <span class='ocrx_word' id='word_1_61' title='bbox 401 1044 578 1075; x_wconf 87' lang='lat' dir='ltr'>retractes</span> <span class='ocrx_word' id='word_1_62' title='bbox 607 1049 766 1074; x_wconf 86' lang='lat' dir='ltr'>munera</span> <span class='ocrx_word' id='word_1_63' title='bbox 794 1037 942 1083; x_wconf 86' lang='lat' dir='ltr'>neniae,</span> 
     </span>
    </p>

    <p class='ocr_par' dir='ltr' id='par_1_8' title="bbox 325 1102 925 1140">
     <span class='ocr_line' id='line_1_16' title="bbox 325 1102 925 1140; baseline -0.003 0"><span class='ocrx_word' id='word_1_64' title='bbox 325 1103 482 1140; x_wconf 89' lang='lat' dir='ltr'>Mecum</span> <span class='ocrx_word' id='word_1_65' title='bbox 510 1102 686 1139; x_wconf 84' lang='lat' dir='ltr'>Dionaeo</span> <span class='ocrx_word' id='word_1_66' title='bbox 718 1102 787 1139; x_wconf 89' lang='lat' dir='ltr'>sub</span> <span class='ocrx_word' id='word_1_67' title='bbox 817 1108 925 1138; x_wconf 89' lang='lat' dir='ltr'>antro</span> 
     </span>
    </p>

    <p class='ocr_par' dir='ltr' id='par_1_9' title="bbox 378 1166 1047 1215">
     <span class='ocr_line' id='line_1_17' title="bbox 378 1166 1047 1215; baseline -0.004 -10"><span class='ocrx_word' id='word_1_68' title='bbox 378 1166 529 1214; x_wconf 84' lang='lat' dir='ltr'>Quaere</span> <span class='ocrx_word' id='word_1_69' title='bbox 557 1166 696 1204; x_wconf 88' lang='lat' dir='ltr'>modos</span> <span class='ocrx_word' id='word_1_70' title='bbox 724 1166 861 1203; x_wconf 91' lang='lat' dir='ltr'>leviore</span> <span class='ocrx_word' id='word_1_71' title='bbox 891 1166 1047 1215; x_wconf 88' lang='lat' dir='ltr'>plectro.</span> 
     </span>
    </p>
   </div>
   <div class='ocr_carea' id='block_1_3' title="bbox 565 1431 786 1472">
    <p class='ocr_par' dir='ltr' id='par_1_10' title="bbox 565 1431 786 1472">
     <span class='ocr_line' id='line_1_18' title="bbox 565 1431 786 1472; baseline -0.014 0"><span class='ocrx_word' id='word_1_72' title='bbox 565 1431 698 1472; x_wconf 92' lang='lat' dir='ltr'>ODE</span> <span class='ocrx_word' id='word_1_73' title='bbox 735 1432 786 1470; x_wconf 89' lang='lat' dir='ltr'>II.</span> 
     </span>
    </p>
   </div>
   <div class='ocr_carea' id='block_1_4' title="bbox 269 1555 1040 2303">
    <p class='ocr_par' dir='ltr' id='par_1_11' title="bbox 271 1555 986 1604">
     <span class='ocr_line' id='line_1_19' title="bbox 271 1555 986 1604; baseline -0.006 -9"><span class='ocrx_word' id='word_1_74' title='bbox 271 1556 432 1595; x_wconf 78' lang='lat' dir='ltr'>NULLus</span> <span class='ocrx_word' id='word_1_75' title='bbox 461 1561 617 1604; x_wconf 86' lang='lat' dir='ltr'>argento</span> <span class='ocrx_word' id='word_1_76' title='bbox 648 1555 752 1593; x_wconf 91' lang='lat' dir='ltr'>color</span> <span class='ocrx_word' id='word_1_77' title='bbox 781 1561 837 1592; x_wconf 87' lang='lat' dir='ltr'>est</span> <span class='ocrx_word' id='word_1_78' title='bbox 866 1555 986 1591; x_wconf 85' lang='lat' dir='ltr'>avaris</span> 
     </span>
    </p>

    <p class='ocr_par' dir='ltr' id='par_1_12' title="bbox 271 1619 919 1666">
     <span class='ocr_line' id='line_1_20' title="bbox 271 1619 919 1666; baseline -0.005 -8"><span class='ocrx_word' id='word_1_79' title='bbox 271 1622 413 1658; x_wconf 89' lang='lat' dir='ltr'>Abdito</span> <span class='ocrx_word' id='word_1_80' title='bbox 443 1621 560 1666; x_wconf 82' lang='lat' dir='ltr'>terris,</span> <span class='ocrx_word' id='word_1_81' title='bbox 590 1620 740 1657; x_wconf 88' lang='lat' dir='ltr'>inimice</span> <span class='ocrx_word' id='word_1_82' title='bbox 770 1619 919 1656; x_wconf 88' lang='lat' dir='ltr'>lamnae</span> 
     </span>
    </p>

    <p class='ocr_par' dir='ltr' id='par_1_13' title="bbox 272 1684 928 1798">
     <span class='ocr_line' id='line_1_21' title="bbox 272 1684 928 1734; baseline -0.003 -12"><span class='ocrx_word' id='word_1_83' title='bbox 272 1684 405 1734; x_wconf 88' lang='lat' dir='ltr'>Crispe</span> <span class='ocrx_word' id='word_1_84' title='bbox 436 1685 584 1730; x_wconf 84' lang='lat' dir='ltr'>Salusti‚</span> <span class='ocrx_word' id='word_1_85' title='bbox 615 1685 687 1721; x_wconf 91' lang='lat' dir='ltr'>nisi</span> <span class='ocrx_word' id='word_1_86' title='bbox 717 1690 928 1733; x_wconf 89' lang='lat' dir='ltr'>temperato</span> 
     </span>
     <span class='ocr_line' id='line_1_22' title="bbox 433 1749 748 1798; baseline 0 -12"><span class='ocrx_word' id='word_1_87' title='bbox 433 1749 638 1798; x_wconf 87' lang='lat' dir='ltr'>Splendeat</span> <span class='ocrx_word' id='word_1_88' title='bbox 666 1761 748 1786; x_wconf 89' lang='lat' dir='ltr'>usu.</span> 
     </span>
    </p>

    <p class='ocr_par' dir='ltr' id='par_1_14' title="bbox 269 1814 947 1858">
     <span class='ocr_line' id='line_1_23' title="bbox 269 1814 947 1858; baseline 0 -7"><span class='ocrx_word' id='word_1_89' title='bbox 269 1814 381 1851; x_wconf 91' lang='lat' dir='ltr'>Vivet</span> <span class='ocrx_word' id='word_1_90' title='bbox 410 1821 564 1851; x_wconf 87' lang='lat' dir='ltr'>extento</span> <span class='ocrx_word' id='word_1_91' title='bbox 593 1814 813 1851; x_wconf 90' lang='lat' dir='ltr'>Proculeius</span> <span class='ocrx_word' id='word_1_92' title='bbox 842 1826 947 1858; x_wconf 83' lang='lat' dir='ltr'>aevo,</span> 
     </span>
    </p>

    <p class='ocr_par' dir='ltr' id='par_1_15' title="bbox 270 1878 970 1927">
     <span class='ocr_line' id='line_1_24' title="bbox 270 1878 970 1927; baseline -0.001 -12"><span class='ocrx_word' id='word_1_93' title='bbox 270 1878 396 1917; x_wconf 89' lang='lat' dir='ltr'>Notus</span> <span class='ocrx_word' id='word_1_94' title='bbox 424 1880 463 1915; x_wconf 91' lang='lat' dir='ltr'>in</span> <span class='ocrx_word' id='word_1_95' title='bbox 493 1878 623 1916; x_wconf 86' lang='lat' dir='ltr'>fratres</span> <span class='ocrx_word' id='word_1_96' title='bbox 653 1879 769 1915; x_wconf 90' lang='lat' dir='ltr'>animi</span> <span class='ocrx_word' id='word_1_97' title='bbox 798 1879 970 1927; x_wconf 88' lang='lat' dir='ltr'>paterni;</span> 
     </span>
    </p>

    <p class='ocr_par' dir='ltr' id='par_1_16' title="bbox 270 1941 996 2057">
     <span class='ocr_line' id='line_1_25' title="bbox 270 1941 996 1992; baseline -0.004 -12"><span class='ocrx_word' id='word_1_98' title='bbox 270 1943 382 1980; x_wconf 89' lang='lat' dir='ltr'>Illum</span> <span class='ocrx_word' id='word_1_99' title='bbox 412 1949 498 1992; x_wconf 84' lang='lat' dir='ltr'>aget</span> <span class='ocrx_word' id='word_1_100' title='bbox 526 1955 654 1992; x_wconf 88' lang='lat' dir='ltr'>penna</span> <span class='ocrx_word' id='word_1_101' title='bbox 682 1949 874 1981; x_wconf 87' lang='lat' dir='ltr'>metuente</span> <span class='ocrx_word' id='word_1_102' title='bbox 904 1941 996 1979; x_wconf 86' lang='lat' dir='ltr'>solvi</span> 
     </span>
     <span class='ocr_line' id='line_1_26' title="bbox 429 2007 779 2057; baseline 0 -13"><span class='ocrx_word' id='word_1_103' title='bbox 429 2007 549 2045; x_wconf 90' lang='lat' dir='ltr'>Fama</span> <span class='ocrx_word' id='word_1_104' title='bbox 578 2014 779 2057; x_wconf 87' lang='lat' dir='ltr'>superstes.</span> 
     </span>
    </p>

    <p class='ocr_par' dir='ltr' id='par_1_17' title="bbox 271 2072 973 2121">
     <span class='ocr_line' id='line_1_27' title="bbox 271 2072 973 2121; baseline -0.003 -11"><span class='ocrx_word' id='word_1_105' title='bbox 271 2073 401 2110; x_wconf 88' lang='lat' dir='ltr'>Latius</span> <span class='ocrx_word' id='word_1_106' title='bbox 430 2084 566 2121; x_wconf 87' lang='lat' dir='ltr'>regnes</span> <span class='ocrx_word' id='word_1_107' title='bbox 595 2072 748 2110; x_wconf 89' lang='lat' dir='ltr'>avidum</span> <span class='ocrx_word' id='word_1_108' title='bbox 778 2072 973 2109; x_wconf 89' lang='lat' dir='ltr'>domando</span> 
     </span>
    </p>

    <p class='ocr_par' dir='ltr' id='par_1_18' title="bbox 271 2136 1040 2186">
     <span class='ocr_line' id='line_1_28' title="bbox 271 2136 1040 2186; baseline -0.004 -12"><span class='ocrx_word' id='word_1_109' title='bbox 271 2137 460 2185; x_wconf 90' lang='lat' dir='ltr'>Spiritum,</span> <span class='ocrx_word' id='word_1_110' title='bbox 491 2149 607 2186; x_wconf 88' lang='lat' dir='ltr'>quam</span> <span class='ocrx_word' id='word_1_111' title='bbox 637 2138 667 2174; x_wconf 93' lang='lat' dir='ltr'>si</span> <span class='ocrx_word' id='word_1_112' title='bbox 696 2137 857 2185; x_wconf 89' lang='lat' dir='ltr'>Libyam</span> <span class='ocrx_word' id='word_1_113' title='bbox 886 2136 1040 2173; x_wconf 86' lang='lat' dir='ltr'>remotis</span> 
     </span>
    </p>

    <p class='ocr_par' dir='ltr' id='par_1_19' title="bbox 273 2200 1039 2303">
     <span class='ocr_line' id='line_1_29' title="bbox 273 2200 1039 2251; baseline -0.004 -13"><span class='ocrx_word' id='word_1_114' title='bbox 273 2200 445 2239; x_wconf 88' lang='lat' dir='ltr'>Gadibus</span> <span class='ocrx_word' id='word_1_115' title='bbox 469 2203 605 2250; x_wconf 84' lang='lat' dir='ltr'>iungas</span> <span class='ocrx_word' id='word_1_116' title='bbox 636 2208 672 2238; x_wconf 88' lang='lat' dir='ltr'>et</span> <span class='ocrx_word' id='word_1_117' title='bbox 701 2208 858 2251; x_wconf 86' lang='lat' dir='ltr'>uterque</span> <span class='ocrx_word' id='word_1_118' title='bbox 887 2200 1039 2237; x_wconf 88' lang='lat' dir='ltr'>Poenus</span> 
     </span>
     <span class='ocr_line' id='line_1_30' title="bbox 433 2266 679 2303; baseline -0.004 0"><span class='ocrx_word' id='word_1_119' title='bbox 433 2266 575 2303; x_wconf 82' lang='lat' dir='ltr'>Ser-viat</span> <span class='ocrx_word' id='word_1_120' title='bbox 603 2266 679 2303; x_wconf 89' lang='lat' dir='ltr'>uni.</span> 
     </span>
    </p>
   </div>
   <div class='ocr_carea' id='block_1_5' title="bbox 1271 536 1309 565">
    <p class='ocr_par' dir='ltr' id='par_1_20' title="bbox 1271 536 1309 565">
     <span class='ocr_line' id='line_1_31' title="bbox 1271 536 1309 565; baseline 0 -9"><span class='ocrx_word' id='word_1_121' title='bbox 1271 536 1309 565; x_wconf 74' lang='lat'>30</span> 
     </span>
    </p>
   </div>
   <div class='ocr_carea' id='block_1_6' title="bbox 1269 1181 1310 1210">
    <p class='ocr_par' dir='ltr' id='par_1_21' title="bbox 1269 1181 1310 1210">
     <span class='ocr_line' id='line_1_32' title="bbox 1269 1181 1310 1210; baseline 0 -8"><span class='ocrx_word' id='word_1_122' title='bbox 1269 1181 1310 1210; x_wconf 85' lang='lat'>40</span> 
     </span>
    </p>
   </div>
   <div class='ocr_carea' id='block_1_7' title="bbox 1274 2149 1310 2170">
    <p class='ocr_par' dir='ltr' id='par_1_22' title="bbox 1274 2149 1310 2170">
     <span class='ocr_line' id='line_1_33' title="bbox 1274 2149 1310 2170; baseline -0.028 0"><span class='ocrx_word' id='word_1_123' title='bbox 1274 2149 1310 2170; x_wconf 92' lang='lat'>10</span> 
     </span>
    </p>
   </div>
  </div>
 </body>
</html>
