1507 2427
486 75 582 107 LIB.
604 76 655 107 II.
699 76 772 108 OD.
795 77 896 108 XIV.

556 231 592 270 O
607 231 644 268 D
657 231 690 268 E
727 231 833 269 XIV.

227 349 340 388 Enim
369 349 535 399 fugaces,
568 349 760 396 Postume,
791 351 984 397 Postume,

226 413 424 452 Labuntur
452 415 542 450 anni
573 427 643 452 nec
671 416 790 464 pietas
818 428 968 453 moram

281 478 402 527 Rugis
432 486 468 515 et
497 479 651 516 instanti
682 487 859 518 senectae

332 543 477 579 Afferet
504 543 786 594 indomitaeque
816 545 949 583 morti:

226 607 329 653 Non,
359 608 389 644 si
419 608 591 652 trecenis,
622 615 811 658 quotquot
839 616 930 646 eunt
959 609 1048 655 dies,

224 672 370 717 Amice,
401 672 528 720 places
558 673 855 710 illacrimabilem

278 735 441 773 Plutona
469 737 594 782 tauris,
625 738 688 786 qui
718 744 772 775 ter
801 738 971 787 amplum

331 800 539 849 Geryonen
569 801 788 851 Tityonque
818 804 910 840 tristi

223 865 445 914 Compescit
474 866 588 911 unda,
620 867 760 904 scilicet
789 869 978 912 omnibus,

223 929 452 978 Quicunque
482 937 600 968 terrae
630 943 786 969 munere
814 933 1010 977 vescimur,

275 994 537 1043 Enaviganda‚
569 995 645 1032 sive
675 1009 785 1045 reges

331 1059 416 1096 Sive
445 1060 580 1108 inopes
610 1061 747 1098 erimus
776 1062 916 1099 coloni.

222 1123 373 1161 Frustra
401 1131 556 1161 cruento
587 1125 710 1162 Marte
740 1127 953 1164 carebimus

221 1188 440 1237 Fractisque
470 1190 573 1226 rauci
604 1189 779 1227 fluctibus
809 1190 989 1235 Hadriae,

273 1252 425 1289 Frustra
454 1265 523 1302 per
551 1260 778 1291 auctumnos
808 1261 1015 1292 nocentem

328 1316 563 1366 Corporibus
592 1325 807 1355 metuemus
836 1319 1044 1356 Austrum:

220 1381 413 1419 Visendus
443 1389 522 1418 ater
551 1382 706 1419 flumine
737 1383 921 1432 languido

219 1445 387 1495 Cocytos
416 1458 545 1483 errans
575 1453 612 1484 et
640 1447 765 1484 Danai
794 1460 918 1496 genus

272 1511 420 1547 Infame
451 1511 732 1561 damnatusque
762 1512 869 1561 longi

326 1576 509 1625 Sisyphus
540 1576 721 1614 Aeolides
750 1577 900 1615 laboris.

216 1640 446 1689 Linquenda
475 1641 583 1678 tellus
613 1648 650 1678 et
680 1642 817 1678 domus
846 1650 881 1678 et
909 1641 1064 1690 placens

216 1704 336 1749 Uxor,
367 1717 492 1754 neque
521 1705 666 1751 harum,
697 1719 791 1755 quas
820 1706 925 1752 colis,
954 1707 1132 1744 arborum

270 1769 330 1806 Te
359 1776 506 1818 praeter
534 1771 673 1807 invisas
703 1783 906 1819 cupressos

322 1831 410 1868 Ulla
438 1833 591 1869 brevem
621 1832 821 1869 dominum
851 1839 1040 1881 sequetur.

215 1894 403 1930 Absumet
432 1893 540 1931 heres
569 1893 748 1931 Caecuba
777 1895 927 1943 dignior

217 1954 371 1995 Servata
399 1965 553 1995 centum
581 1958 747 1995 clavibus
776 1965 813 1995 et
841 1971 946 1995 mero

269 2021 412 2070 Tinget
440 2023 699 2071 pavimentum
728 2023 904 2070 superbo,

321 2085 550 2124 Pontificum
578 2086 725 2135 potiore
755 2088 896 2123 coenis.

1273 84 1320 121 59

1276 949 1313 970 10

1274 1596 1311 1617 20
