1507 2427
556 63 649 94 LIB.
674 63 704 94 J.
756 63 828 94 OD.
854 63 905 95 lI.

265 165 431 203 Piscium
461 171 498 203 et
528 178 678 204 summa
708 178 830 215 genus
860 166 981 203 haesit
1009 166 1124 213 ulmo,

265 230 370 267 Nota
399 243 496 279 quae
526 231 636 268 sedes
666 231 786 268 fuerat
815 231 1010 277 columbis,

263 295 313 333 Et
342 296 555 344 superiecto
585 297 744 344 pavidae
775 303 950 333 natarunt

424 362 603 409 Aequore
633 361 777 398 damae.

263 430 440 468 Vidimus
470 431 609 467 flavum
642 430 812 468 Tiberim
843 432 992 469 retortis

264 495 392 533 Litore
422 496 585 533 Etrusco
614 497 795 533 violenter
823 497 934 534 undis

263 560 323 597 Ire
354 561 542 598 deiectum
572 569 826 598 monumenta
855 562 953 611 regis

424 625 665 675 Templaque
695 626 859 672 Vestae;

264 694 354 732 Iliae
385 696 476 732 dum
507 709 546 733 se
577 697 736 734 nimium
766 698 938 747 querenti

262 760 383 797 Iactat
412 761 585 806 ultorem,
617 774 735 811 vagus
765 770 800 799 et
831 763 980 800 sinistra

262 824 418 862 Labitur
447 827 529 875 ripa
560 827 652 864 Iove
682 840 761 865 non
791 829 976 877 probante
1005 840 1049 865 u-

424 893 555 929 xorius
585 893 718 929 amnis.

263 961 405 998 Audiet
435 963 534 999 cives
564 963 710 999 acuisse
742 963 892 1009 ferrum,

264 1026 354 1072 Quo
384 1039 516 1075 graves
546 1027 682 1065 Persae
713 1029 846 1065 melius
876 1030 1048 1077 perirent,

263 1092 403 1129 Audiet
434 1105 584 1141 pugnas
614 1093 702 1130 vitio
732 1101 933 1142 parentum

395 1184 398 1186 -
425 1157 528 1194 Rara
556 1158 739 1195 iuventus.

263 1227 392 1273 Quem
422 1234 532 1264 vocet
562 1214 885 1277 divum‘populus
914 1230 1056 1268 ruentis

262 1292 406 1343 Imperi
434 1292 572 1329 rebus?
610 1305 722 1341 prece
753 1305 829 1342 qua
858 1293 1015 1343 fatigent

261 1356 440 1406 Virgines
471 1364 625 1394 sanctae
655 1359 781 1395 minus
811 1359 1029 1396 audientem

425 1422 607 1460 Carmina
635 1422 818 1461 Vestam?

264 1493 334 1532 Cui
365 1494 468 1530 dabit
497 1502 624 1543 partes
654 1494 779 1532 scelus
809 1495 988 1544 eprandi

263 1559 460 1607 Iuppiter?
499 1558 679 1596 Tandem
709 1560 836 1597 venias
866 1572 1065 1608 precamur

264 1622 377 1660 Nube
407 1623 613 1661 candentes
643 1624 822 1662 humeros
854 1626 1014 1663 amictus

425 1689 560 1737 Augur
583 1689 747 1738 Apollo;

265 1758 351 1796 Sive
379 1766 419 1796 tu
449 1759 579 1803 mavis,
610 1759 775 1807 Erycina
805 1761 943 1807 ridens,

265 1824 394 1870 Quam
425 1824 539 1861 Iocus
570 1825 712 1862 circum
743 1826 844 1863 volat
874 1834 910 1863 et
940 1826 1114 1876 Cupid03

265 1888 350 1926 Sive
379 1890 598 1938 neglectum
628 1903 751 1938 genus
781 1899 817 1928 et
847 1899 1007 1941 nepotes

427 1954 604 2004 Respicis
635 1963 778 2001 auctor,

266 2024 356 2062 Heu
385 2026 498 2063 nimis
529 2026 647 2075 longo
679 2028 810 2065 satiate
840 2028 942 2075 ludo,

263 2090 392 2136 Quem
420 2091 521 2128 iuvat
553 2091 697 2129 clamor
726 2093 933 2143 galeaeque
964 2095 1075 2142 leves,

263 2156 364 2193 Acer
393 2163 429 2193 et
459 2156 585 2194 Mauri
615 2158 751 2206 peditis
782 2166 981 2196 cruentum

423 2221 562 2260 Voltus
592 2223 630 2260 in
659 2223 831 2270 hostem;

1311 69 1356 105 15

1320 247 1358 268 13

1319 909 1359 930 20

1320 1909 1359 1941 35

1317 2243 1359 2272 40
