1507 2427
493 71 627 103 ΗΘΚΛ
638 71 711 103 TII
737 71 1012 104 CARMJNUM

299 173 404 220 Quid
431 175 592 224 quisque
622 176 721 221 vitet,
752 188 953 225 nunquam
982 176 1129 213 homini
1158 177 1246 215 satis

298 237 463 275 Cautum
492 246 547 276 est
575 240 614 276 in
642 240 782 278 horas:
822 242 948 278 navita
978 241 1195 289 Bosporum

353 302 507 340 Poenus
538 304 802 352 perhorrescit,
833 317 958 354 neque
987 305 1083 342 ultra

339 368 342 370 ’
409 366 537 404 Caeca
565 369 671 405 timet
700 369 851 406 aliunde
882 369 971 411 fata,

302 431 414 469 Miles
444 434 601 481 sagittas
630 440 667 470 et
696 433 857 470 celerem
887 434 1019 483 fugam

299 495 436 540 Parthi,
468 504 623 535 catenas
653 497 814 534 Parthus
843 504 879 535 et
908 499 1046 535 Italum

355 560 513 605 Robur;
554 561 622 598 sed
650 562 856 610 improvisa
885 563 949 600 leti

406 624 476 662 Vis
505 626 628 674 rapuit
657 627 851 675 rapietque
880 634 1025 676 gentes.

300 689 429 735 Quam
457 703 579 739 paene
609 690 736 728 furvae
767 704 885 740 regna
915 691 1166 742 Proserpinae

303 752 358 792 Et
386 756 619 792 iudicantem
648 756 810 793 vidimus
839 757 1011 794 Aeacum

357 820 552 868 Sedesque
582 821 781 870 discriptas
811 821 963 869 piorum
993 828 1030 859 et

409 885 554 922 Aeoliis
584 885 721 922 fidibus
751 892 973 933 querentem

302 950 459 999 Sappho
489 950 622 998 puellis
653 950 699 985 de
729 949 986 998 popularibus,

300 1015 350 1052 Et
379 1023 414 1052 te
444 1022 648 1051 sonantem
677 1014 826 1062 plenius
857 1027 985 1060 aureo,

352 1079 507 1123 Alcaee,
537 1079 682 1126 plectro
713 1078 804 1115 dura
833 1080 951 1124 navis,

411 1143 518 1179 Dura
547 1142 660 1191 fugae
689 1143 798 1188 mala,
831 1143 923 1180 dura
952 1144 1060 1180 belli!

300 1207 515 1256 Utrumque
544 1219 652 1244 sacro
683 1207 800 1256 digna
829 1208 980 1246 silentio

301 1272 486 1308 Mirantur
514 1272 672 1307 umbrae
703 1272 850 1318 dicere}
891 1273 960 1309 sed
989 1273 1112 1321 magis

357 1335 511 1384 Pugnas
541 1343 577 1372 et
606 1342 762 1372 exactos
792 1342 974 1384 tyrannos

409 1401 584 1437 Densum
613 1400 779 1437 humeris
809 1401 901 1437 bibit
930 1413 1019 1438 aure
1049 1401 1194 1450 volgus.

302 1466 406 1513 Quid
434 1466 580 1510 mirum,
611 1465 676 1501 ubi
706 1465 777 1501 illis
807 1465 1037 1502 carminibus
1066 1473 1224 1515 stupens

302 1530 477 1568 Demittit
505 1537 603 1567 atras
633 1529 744 1566 belua
773 1530 965 1578 centiceps

356 1596 479 1632 Aures
509 1601 546 1631 et
574 1594 700 1630 intorti
731 1594 873 1642 capillis

408 1659 666 1696 Eumenidum
695 1665 910 1695 recreantur
939 1660 1109 1707 angues?

303 1725 408 1772 Quin
436 1731 473 1761 et
502 1723 750 1760 Prometheus
779 1730 815 1760 et
845 1722 997 1772 Pelopis
1026 1736 1164 1772 parens

302 1790 413 1827 Dulci
441 1789 612 1840 laborem
643 1788 826 1836 decipitur
855 1799 976 1834 son03

355 1854 439 1892 Nec
469 1860 573 1890 curat
602 1852 723 1890 Orion
751 1852 881 1889 leones

409 1918 486 1956 Aut
513 1917 667 1954 timidos
695 1917 835 1965 agitare
863 1918 1003 1966 lyncas.

1350 1288 1390 1319 30

1347 1609 1388 1640 35

1347 1935 1389 1966 40
