1507 2427
517 68 609 99 LIB.
633 68 685 100 II.
727 67 802 98 OD·
822 66 887 96 XI.

240 175 406 212 Auream
435 172 607 221 quisquis
636 170 937 208 mediocritatem

239 239 381 286 Diligit,
411 244 512 274 tutus
541 242 643 273 caret
671 234 833 272 obsoleti

241 303 424 340 Sordibus
453 301 551 346 tecti,
581 307 681 337 caret
710 297 912 335 invidenda

403 366 558 404 Sobrius
587 364 684 401 aula.

241 432 399 480 Saepius
428 431 546 467 ventis
576 429 736 477 agitatur
765 428 901 475 ingens

242 497 359 533 Pinus
388 502 424 532 et
452 495 576 532 celsae
606 493 778 541 graviore
808 503 897 528 casu

242 560 434 597 Decidunt
464 566 583 595 turres
613 557 826 605 feriuntque
857 566 1029 592 summos

404 624 569 673 Fulgura
598 629 761 659 montes.

245 691 379 738 Sperat
408 689 565 734 infestis,
596 687 728 724 metuit
756 684 934 723 secundis

244 755 413 791 Alteram
443 760 585 791 sortem
612 753 711 789 bene
740 755 1007 798 praeparatum

245 818 393 855 Pectus.
450 817 640 854 Informes
670 815 815 851 hiemes
843 813 989 850 reducit

405 882 585 931 Iuppiter,
615 881 717 918 idem

246 949 479 986 Summovet.
535 946 641 991 Non,
669 946 699 982 si
729 944 828 981 male
858 954 972 986 nunc,
1002 948 1039 978 et
1067 942 1157 979 olim

248 1013 309 1050 Sic
339 1013 433 1049 erit:
474 1011 671 1060 quondam
701 1009 844 1050 cithara
871 1013 1060 1045 tacentem

249 1076 410 1113 Suscitat
438 1087 588 1112 musam
617 1086 741 1122 neque
771 1083 921 1120 semper
949 1083 1077 1107 arcum

409 1140 554 1177 Tendit
583 1139 735 1188 Apollo.

249 1207 381 1243 Rebus
410 1205 581 1253 angustis
610 1205 805 1241 animosus
835 1209 946 1251 atque

247 1271 371 1307 Fortis
399 1281 539 1318 appare
555 1282 564 1314 ;
605 1269 794 1316 sapienter
822 1267 923 1304 idem

247 1334 462 1375 Contrahes
490 1339 604 1370 vento
634 1333 794 1368 nimium
823 1332 994 1369 secundo

411 1398 582 1447 Turgida
610 1397 703 1434 vela.

588 1664 723 1703 ODE
764 1663 834 1700 XI.

251 1785 358 1832 Qum
384 1784 588 1821 bellicosus
617 1784 809 1822 Cantaber
837 1790 873 1821 et
904 1783 1073 1833 Scythes,

251 1850 415 1898 Hirpine
446 1848 590 1894 Quinti,
622 1850 763 1898 cogitet
792 1848 939 1886 Hadria

303 1914 456 1950 Divisus
485 1913 650 1957 obiecto,
679 1914 848 1951 remittas

358 1978 550 2024 Quaerere
580 1991 651 2016 nec
681 1979 846 2028 trepides
876 1980 915 2016 in
942 1991 1054 2015 usum

250 2043 449 2080 Poscentis
478 2042 558 2078 aevi
586 2054 720 2091 pauca.
779 2043 891 2092 Fugit
919 2050 1016 2080 retro

250 2109 361 2145 Levis
390 2108 559 2144 iuventas
588 2114 625 2144 et
654 2107 781 2151 decor,
811 2108 916 2144 arida

303 2172 471 2209 Pellente
500 2171 661 2209 lascivos
691 2184 840 2209 amores

358 2236 504 2279 Canitie
535 2236 762 2286 facilemque
792 2249 982 2274 somnum.

1293 505 1329 526 10
