1507 2427
537 59 672 91 HORA
682 60 756 91 TII
783 60 1059 92 CARMJNUM

339 160 454 207 Quid,
484 162 589 210 quod
616 175 736 211 usque
765 164 962 211 proximos

393 226 556 264 Revellis
587 228 665 276 agri
694 227 877 264 terminos
906 235 942 265 et
971 228 1066 266 ultra

338 290 496 328 Limites
526 292 716 329 clientium
1387 311 1425 343 25

394 355 488 392 Salis
517 358 676 393 avarus?
732 356 882 394 Pellitur
909 364 1088 406 paternos

339 420 386 457 In
414 421 497 457 sinu
526 421 650 458 ferens
680 422 774 458 deos

393 484 442 521 Et
470 497 568 522 uxor
597 492 633 522 et
663 486 716 522 vir
746 486 996 534 sordidosque
1026 493 1148 523 natos.

340 548 454 586 Nulla
483 551 618 586 certior
647 558 776 587 tamen

395 613 561 662 Rapacis
592 614 680 652 Orci
710 615 785 652 fine
815 615 1000 653 destinata
1389 631 1430 662 30

341 678 439 715 Aula
468 679 620 716 divitem
648 687 777 717 manet

397 743 557 781 Herum.
614 744 718 789 Quid
746 745 840 782 ultra
869 744 1017 782 tendis?
1074 745 1210 793 Aequa
1239 745 1349 782 tellus

342 806 504 856 Pauperi
534 808 734 845 recluditur

398 872 627 921 Regumque
657 874 792 922 pueris,
823 886 894 911 nec
924 874 1069 911 satelles
1099 873 1189 912 Orci

344 937 533 974 Callidum
563 937 789 975 Promethea
1391 952 1429 983 35

399 1002 558 1038 Revexit
587 1014 677 1039 auro
707 1009 851 1050 captus.
908 1001 986 1039 Hic
1016 1002 1224 1051 superbum

346 1066 554 1103 Tantalum
583 1074 696 1115 atque
726 1067 877 1104 Tantali

401 1130 535 1167 Genus
564 1135 724 1176 eo'e‘rcet,
753 1130 814 1168 hie
842 1131 963 1168 levare
993 1130 1164 1167 functum

349 1195 560 1244 Pauperem
589 1196 781 1232 laboribus

402 1260 574 1298 Vocatus
603 1268 715 1309 atque
744 1272 823 1297 non
852 1267 1006 1297 vocatus
1035 1258 1147 1296 audit.
1389 1272 1431 1302 40

672 1639 708 1678 O
724 1638 807 1677 DE
845 1639 951 1675 XIX.

352 1775 541 1813 BAcchM
569 1774 608 1810 in
637 1773 792 1810 remotis
821 1771 988 1809 earmina
1016 1771 1173 1819 rupibus

353 1839 442 1877 Vidi
471 1836 867 1876 docentem—credite
895 1836 1091 1884 posteri—-

405 1903 682 1953 Nymphasque
712 1902 899 1938 discentes
929 1906 966 1936 et
995 1912 1104 1936 aures

460 1968 716 2016 Capripedum
747 1966 963 2015 Satyrorum
991 1972 1132 2002 acutas.

351 2033 470 2078 Euoe,
500 2033 640 2070 recenti
668 2044 777 2069 mens
806 2030 968 2079 trepidat
996 2036 1099 2066 metu
1349 2035 1355 2039 “
1418 2041 1436 2074 5
1500 2071 1501 2077 ¹

352 2097 546 2145 Plenoque
576 2096 717 2133 Bacchi
746 2102 901 2145 pectore
931 2094 1122 2131 turbidum

412 2163 601 2200 Laetatur.
657 2160 777 2206 Euoe,
807 2173 919 2209 parce
950 2159 1074 2204 Liber,

458 2227 587 2273 Parce,
616 2226 720 2275 gravi
749 2225 952 2264 metuende
981 2224 1131 2275 thyrso!
