1507 2427
161 70 211 103 40

518 63 653 94 HORA
662 63 738 94 Tll
765 63 1039 94 CARMINUM

319 163 498 201 Premant
527 163 671 201 Calena
701 163 793 201 falce
824 164 960 214 quibus
990 163 1093 202 dedit

320 228 488 265 Fortuna
516 229 641 274 vitem,
673 229 777 266 dives
807 235 843 266 et
872 230 994 267 aureis

374 293 567 330 Mercator
596 293 760 330 exsiccet
789 293 932 331 culullis

427 358 529 396 Vina
559 358 653 408 Syra
683 365 854 408 reparata
881 372 1019 405 merce,

319 423 390 461 Dis
420 435 528 461 carus
558 423 662 472 ipsis,
693 424 836 473 quippe
865 430 920 461 ter
948 431 984 462 et
1013 431 1145 473 quater

319 489 436 526 Anno
465 488 630 525 revisens
659 500 802 537 aequor
831 488 1064 526 Atlanticum

373 553 546 602 Impune.
604 552 670 590 Me
700 560 861 602 pascunt
889 553 1019 599 olivae,

428 618 495 655 Me
525 617 700 655 cichorea
729 617 906 667 levesque
934 619 1090 656 malvae.

320 683 408 720 Frui
437 684 576 732 paratis
606 688 642 719 et
670 682 794 719 valido
823 682 927 727 mihi,

320 747 452 792 Latoe'‚
485 748 617 793 dones,
647 753 695 793 at,
724 759 870 796 precor,
900 748 1048 796 integra

374 812 474 850 Cum
503 820 641 859 mente,
672 825 743 850 nee
773 820 922 862 turpem
952 818 1145 850 senectam

426 876 578 926 Degere
607 890 679 915 nec
709 877 851 914 cithara
880 884 1084 915 carentem.

615 1138 651 1178 O
664 1139 700 1176 D
713 1138 747 1176 E
784 1139 952 1177 XXXII.

321 1262 527 1300 PoscnuuR.
588 1259 627 1297 Si
657 1260 749 1309 quid
776 1260 885 1296 vacui
914 1260 985 1297 sub
1012 1259 1147 1296 umbra

321 1325 500 1363 Lusimus
529 1331 664 1370 tecum,
696 1324 803 1373 quod
831 1329 868 1360 et
896 1323 996 1360 hunc
1025 1324 1063 1359 in
1093 1335 1238 1361 annum

319 1390 432 1427 Vivat
459 1396 496 1426 et
525 1389 662 1438 plures,
693 1401 776 1438 age,
807 1388 867 1426 die
897 1387 1087 1434 Latinum,

428 1454 592 1500 Barbite‚
622 1466 788 1498 carmen,

322 1520 463 1558 Lesbio
492 1519 656 1568 primum
684 1519 880 1557 modulate
907 1520 990 1565 civi,

322 1585 399 1631 Qui
428 1584 534 1622 ferox
564 1584 663 1622 bello
692 1591 822 1622 tamen
850 1585 945 1621 inter
974 1596 1089 1631 arma,

324 1651 408 1687 Sive
437 1650 615 1687 iactatam
645 1649 820 1698 religarat
848 1649 926 1686 udo

429 1713 558 1752 Litore
587 1715 725 1760 navim,

321 1780 502 1818 Liberum
531 1787 567 1818 et
596 1779 730 1817 Musas
760 1779 1028 1829 Veneremque
1058 1787 1094 1818 et
1122 1780 1171 1817 illi

323 1846 482 1895 Semper
509 1846 729 1883 haerentem
758 1857 919 1894 puerum
948 1846 1108 1882 canebat

321 1910 371 1948 Et
400 1911 546 1960 Lycum
575 1911 692 1960 nigris
722 1910 842 1948 oculis
872 1911 1058 1960 nigroque

431 1975 544 2014 Crine
574 1976 769 2014 decorum.

323 2041 359 2079 O
389 2041 505 2079 decus
535 2041 679 2079 Phoebi
710 2047 747 2078 et
776 2041 937 2091 dapibus
967 2041 1132 2090 supremi

324 2106 442 2144 Grata
470 2106 621 2144 testudo
651 2106 764 2152 Iovis,
794 2119 818 2144 o
848 2107 1022 2144 laborum

323 2171 446 2209 Dulce
474 2171 653 2218 lenimen,
683 2171 776 2208 mihi
806 2183 955 2221 cunque
985 2171 1085 2208 salve

432 2235 519 2274 Rite
548 2237 710 2274 vocanti.

1373 244 1411 266 10

1371 893 1410 914 20

1375 1861 1412 1883 10
