1507 2427
355 77 447 110 LIB.
468 78 499 109 I.
547 77 621 110 OD.
642 76 823 118 XXXIII,
844 77 1016 108 XXXIV.

504 250 539 290 O
554 251 590 289 D
604 251 637 288 E
676 249 863 288 XXXIII.

221 384 329 429 ALm,
359 395 408 420 ne
438 382 569 421 doleas
598 382 683 432 plus
712 383 831 419 nimio
861 393 1010 419 memor

221 448 381 485 Immitis
411 447 607 496 Glycerae,
639 460 713 484 nou
743 446 975 484 miserabiles

219 512 411 550 Decantes
441 512 581 560 elegos,
613 524 678 549 cur
705 512 771 548 tibi
801 511 925 548 iunior

327 576 452 614 Laesa
480 576 689 625 praeniteat
718 575 814 622 fide;

220 641 416 690 Insignem
446 641 549 677 tenui
579 641 701 678 fronte
730 638 921 689 Lycorida

220 705 308 754 Cyri
338 712 452 743 torret
481 717 600 751 amor,
631 704 753 754 Cyrus
782 705 821 741 in
849 715 1023 753 asperam

219 768 396 807 Declinat
425 769 598 807 Pholo'e‘n
614 782 624 816 3
664 768 732 806 sed
762 769 864 818 prius
894 768 1028 817 Apulis

328 834 539 883 Iungentur
568 846 728 883 capreae
758 833 868 882 lupis,

222 899 349 947 Quam
380 899 479 948 turpi
509 898 654 936 Pholoe·
682 905 815 949 peccet
845 898 1029 936 adultero.

223 965 284 1002 Sic
312 965 434 1001 visum
462 963 615 1008 Veneri,
647 964 706 1001 cui
735 963 858 1012 placet
887 963 1051 1011 impares

220 1030 381 1068 Formas
410 1036 522 1078 atque
551 1029 700 1066 animos
730 1029 800 1066 sub
830 1029 920 1078 iuga
950 1032 1069 1065 ae'nea

331 1095 454 1132 Saevo
483 1095 629 1132 mittere
659 1106 747 1132 cum
775 1094 874 1132 ioco.

223 1160 355 1209 Ipsum
387 1171 461 1204 me,
493 1159 626 1196 melior
654 1171 742 1196 cum
771 1165 914 1208 peteret
942 1157 1085 1202 Venus,

225 1223 343 1262 Grata
371 1223 530 1260 detinuit
560 1223 747 1272 compede
777 1222 938 1272 Myrtale

224 1288 428 1332 Libertina,
459 1287 561 1324 fretis
592 1287 711 1324 acrior
740 1286 908 1324 Hadriae

332 1351 531 1389 Curvantis
561 1350 744 1389 Calabros
773 1351 889 1388 sinus.

514 1664 550 1704 O
562 1665 599 1702 D
612 1664 646 1702 E
684 1664 867 1702 XXXIV.

228 1799 378 1837 PARcus
407 1796 566 1835 deorum
595 1797 716 1834 cultor
744 1803 780 1834 et
808 1795 1038 1845 infrequens,

227 1863 457 1901 Insanientis
488 1862 579 1899 dum
609 1862 815 1910 sapientiae

284 1926 491 1964 Consultus
520 1937 614 1971 erro,
644 1938 747 1962 nunc
775 1932 981 1962 retrorsum

336 1991 434 2028 Vela
464 1991 552 2028 dare
582 1997 696 2039 atque
726 1990 858 2027 iterare
889 2001 1020 2026 cursus

230 2056 361 2106 Cogor
388 2056 563 2093 relictos:
603 2068 768 2104 namque
797 2054 997 2103 Diespiter,

231 2121 316 2169 Igni
346 2131 508 2158 corusco
538 2120 668 2156 nubila
699 2119 869 2156 dividens

283 2185 524 2233 Plerumque,
554 2196 622 2233 per
651 2196 787 2233 purum
817 2190 994 2220 tonantes

336 2249 426 2298 Egit
455 2262 574 2299 equos
604 2249 872 2298 volucremque
901 2260 1060 2294 currum,

1261 82 1370 116 41·

1275 975 1313 996 10

1277 1298 1311 1330 15
