1507 2427
572 123 706 156 HORA
714 123 789 154 TH
815 123 1090 156 CARMJNUM

674 303 709 342 O
724 303 760 340 D
773 304 807 341 E
845 303 990 342 XXVI.

427 424 551 463 Musm
579 423 725 461 amicus
754 424 940 462 tristitiam
968 430 1005 462 et
1034 432 1157 463 metus

427 489 598 528 Tradam
626 490 812 538 protervis
839 490 879 526 in
907 501 1011 526 mare
1041 489 1234 526 Creticum

481 553 636 590 Portare
663 553 794 598 ventis,
824 553 908 602 quis
937 554 1009 590 sub
1037 554 1157 590 Arcto

535 617 619 654 Rex
647 617 795 665 gelidae
824 624 1011 654 metuatur
1039 629 1140 664 orae,

428 681 534 728 Quid
563 681 759 719 Tiridaten
787 688 932 727 terreat,
962 682 1074 718 unice

429 746 603 785 Securus.
662 745 710 790 O,
740 758 837 795 quae
867 746 1034 783 fontibus
1062 746 1218 794 integris

483 809 652 854 Gaudes,
681 810 830 859 apricos
859 816 968 847 necte
998 809 1122 854 flores,

537 873 660 911 Necte
688 885 777 910 meo
806 873 960 911 Lamiae
990 886 1186 919 coronam,

430 939 600 987 Pimplea
630 938 771 975 dulcis!
829 937 893 974 Nil
923 938 1005 975 sine
1034 945 1070 974 te
1099 939 1174 975 mei

431 1003 595 1040 Prosunt
623 1003 813 1039 honores:
853 1002 954 1039 hunc
983 1002 1120 1039 fidibus
1150 1002 1272 1048 novis,

485 1067 604 1105 Hunc
633 1066 773 1104 Lesbio
803 1078 948 1104 sacrare
978 1066 1121 1115 plectro

539 1131 675 1181 Teque
704 1138 864 1181 tuasque
892 1131 1001 1169 decet
1029 1142 1189 1168 sorores.

713 1320 967 1328 ———-

675 1460 712 1500 0
725 1461 761 1499 D
773 1462 807 1499 E
844 1463 1010 1501 XXVII.

381 1582 505 1621 Nms
531 1581 571 1619 in
599 1593 710 1619 usum
738 1581 900 1619 laetitiae
929 1583 1082 1631 scyphis

380 1648 557 1696 Pugnare
587 1646 782 1683 Thracum
811 1654 889 1684 est:
928 1647 1045 1684 tollite
1076 1647 1278 1684 barbarum

434 1711 597 1757 Morem,
627 1710 961 1759 verecundumque
990 1710 1186 1748 Bacchum

488 1775 716 1824 Sanguineis
744 1774 942 1823 prohibete
970 1775 1086 1812 rixis!

379 1842 482 1879 Vino
513 1847 549 1878 et
575 1840 739 1877 lucernis
769 1839 908 1876 Medus
937 1840 1111 1876 acinaces

380 1907 556 1945 Immane
584 1912 770 1954 quantum
798 1904 1012 1952 discrepat:
1050 1904 1211 1953 impium

432 1970 566 2009 Lenite
594 1970 810 2013 clamorem,
841 1968 1001 2014 sodales,

485 2034 536 2071 Et
564 2034 692 2071 cubito
721 2040 913 2070 remanete
941 2035 1099 2081 presso!

377 2099 504 2138 Voltis
533 2099 650 2136 severi
679 2110 741 2135 me
771 2109 924 2146 quoque
953 2109 1103 2135 sumere

379 2164 531 2202 Partem
558 2163 735 2201 Falerni?
791 2162 904 2199 Dicat
934 2161 1128 2211 Opuntiae

432 2230 562 2269 Frater
590 2228 782 2277 Megillae,
813 2240 889 2277 quo
918 2228 1052 2265 beatus

485 2294 665 2339 Volnere‚
695 2305 770 2344 qua
797 2299 926 2342 pereat
955 2292 1100 2341 sagitta.

1427 1018 1466 1039 10

1429 2173 1469 2198 10
