1507 2427
472 91 566 123 LIB.
589 92 619 122 I.
662 91 737 123 OD.
757 90 936 122 XXVIII.

240 197 374 235 Cessat
403 195 603 233 voluntas?
659 194 750 232 Non
779 195 852 232 alia
879 195 1008 230 bibam

240 260 432 298 Mercede.
490 258 599 305 Quae
629 267 665 296 te
696 271 846 308 cunque
875 258 1006 296 domat
1034 257 1179 303 Venus,

293 323 384 362 Non
413 324 681 360 erubescendis
712 324 834 361 adurit

346 389 506 438 Ignibus
536 389 781 437 ingenuoque
811 401 961 437 semper

239 456 382 491 Amore
411 465 560 502 peccas.
619 452 814 502 Quidquid
845 454 974 497 habes,
1005 465 1088 502 age,

237 517 403 565 Depone
433 518 520 555 tutis
549 518 712 554 auribus.
770 518 832 554 Ah
860 519 986 564 miser,

292 582 447 628 Quanta
476 582 676 619 laborabas
707 581 908 631 Charybdi,

347 646 472 694 Digne
501 658 594 695 puer
623 646 777 682 meliore
805 646 981 683 flamma!

240 710 350 756 Quae
379 722 482 758 saga,
511 711 595 759 quis
625 718 660 746 te
691 711 835 748 solvere
865 711 1062 750 Thessalis

240 774 379 822 Magus
408 775 572 818 venenis,
602 775 686 822 quis
716 775 853 823 poterit
881 775 1002 812 deus?

293 838 368 875 Vix
398 838 579 885 illigatum
610 846 645 875 te
674 839 829 875 triformi

344 902 514 951 Pegasus
541 902 718 952 expediet
746 902 958 942 Chimaera.

525 1172 562 1212 Ο
574 1173 612 1210 D
624 1173 658 1210 E
696 1173 882 1212 XXVIII.

132 1295 194 1334 ΤΕ
222 1296 336 1333 maris
364 1300 402 1332 et
429 1300 550 1331 terrae
581 1305 818 1343 numeroque
848 1295 1009 1331 carentis
1037 1305 1174 1332 arenae

293 1358 514 1396 Mensorem
545 1359 734 1405 cohibent,
764 1358 941 1406 Archyta,

133 1423 299 1461 Pulveris
329 1423 455 1472 exigui
484 1434 605 1472 prope
634 1422 720 1459 litus
748 1434 862 1471 parva
892 1421 1081 1459 Matinum

294 1486 467 1533 Munera,
498 1499 569 1524 nec
600 1486 807 1535 quidquam
837 1486 901 1523 tibi
931 1486 1087 1535 prodest

133 1552 265 1590 A'e'rias
293 1558 458 1589 tentasse
489 1551 626 1588 domos
655 1551 861 1599 animoque
891 1550 1097 1588 rotundum

294 1615 527 1653 Percurrisse
558 1616 691 1664 polum
718 1616 913 1652 morituro.
1058 1604 1065 1611 ε

134 1680 285 1719 Occidit
312 1687 348 1717 et
377 1679 531 1728 Pelopis
559 1680 720 1728 genitor,
751 1679 909 1716 conviva
939 1679 1110 1725 deorum,

294 1743 561 1793 Tithonusque
591 1751 758 1781 remotus
787 1744 827 1780 in
855 1756 976 1789 auras,
1026 1740 1029 1741 ⁷

134 1810 184 1847 Et
210 1809 313 1847 Iovis
343 1810 489 1846 arcanis
521 1809 650 1846 Minos
681 1809 879 1854 admissuS,
910 1808 1130 1858 habentque

297 1873 459 1911 Tartara
489 1874 727 1911 Panthoiden
756 1874 890 1910 iterum
921 1872 1024 1911 Orco

134 1938 365 1983 Demissum‚
396 1939 577 1987 quamvis,
608 1939 731 1987 clipeo
763 1938 932 1975 Troiana
960 1938 1080 1975 refixo

296 2003 494 2052 Tempora
523 2009 691 2047 testatus,
722 2002 813 2039 nihil
843 2002 937 2038 uitra

137 2067 285 2105 Nervos
313 2074 425 2115 atque
455 2073 581 2104 cutem
610 2068 721 2103 morti
753 2073 994 2104 concesserat
1023 2072 1135 2112 atrae,

293 2132 422 2169 Iudice
451 2140 486 2169 te
516 2143 596 2168 non
624 2131 797 2168 sordidus
826 2139 955 2167 auctor

136 2197 301 2235 Naturae
330 2197 492 2245 verique.
551 2195 626 2232 Sed
655 2207 790 2232 omnes
820 2207 896 2231 una
924 2200 1053 2232 manet
1081 2207 1160 2232 nox

299 2261 349 2297 Et
377 2260 558 2297 calcanda
588 2259 705 2296 semel
734 2260 793 2295 via
821 2259 896 2295 leti.

1280 93 1326 131 37

1289 662 1327 683 20

1292 1888 1330 1911 10

1292 2212 1327 2243 15
