1507 2427
104 58 179 92 144

494 49 629 81 ΗΘΚΛ
641 49 715 80 TII
737 48 949 80 EPODON

258 153 312 191 Ut
338 153 583 202 Argonautas
611 158 759 201 praeter
787 163 923 189 omnes
953 150 1157 189 candidum

311 218 452 255 Medea
480 218 615 254 mirata
643 223 700 253 est
730 216 879 261 ducem,

258 283 397 333 Ignota
424 283 540 319 tauris
570 282 800 329 illigaturum
831 281 920 330 iuga

312 347 494 385 Perunxit
521 347 596 384 hoe
624 346 830 392 Iasonem3
928 332 936 341 ι’

260 412 351 451 Hoc
380 411 556 449 delibutis
585 411 662 448 ulta
691 410 803 447 donis
832 410 1010 460 pellicem

314 477 496 525 Serpente
526 475 619 524 fugit
648 475 744 512 alite.

258 541 343 579 Nec
371 547 496 578 tantus
525 553 695 590 unquam
725 539 891 577 siderum
919 540 1058 577 insedit
1086 552 1205 589 vapor

315 606 536 644 Siticulosae
565 606 739 655 Apuliae,

259 673 343 710 Nec
372 684 511 709 munus
540 672 705 710 humeris
735 671 898 710 efficacis
927 670 1106 708 Herculis

313 738 449 775 Inarsit
477 737 703 775 aestuosius.

257 804 309 841 At
339 805 369 841 si
399 804 489 852 quid
519 815 688 852 unquam
716 803 788 840 tale
817 802 1088 850 concupiveris,

311 869 449 906 Iocose
480 868 698 913 Maecenas,
729 879 876 917 precor.

258 934 420 971 Manum
450 933 576 983 puella
605 933 708 970 savio
738 939 913 981 opponat
941 938 1021 977 tuo,

311 999 493 1037 Extrema
522 1006 558 1036 et
587 1000 625 1035 in
654 998 805 1047 sponda
835 999 959 1035 cubet.

561 1263 783 1302 EPODE
821 1262 890 1299 IV.

256 1384 372 1421 LUPIS
401 1390 438 1420 et
467 1381 577 1430 agnis
607 1387 750 1429 quanta
780 1379 912 1416 sortito
943 1378 1087 1428 obtigit,

310 1448 459 1485 Tecum
489 1446 580 1482 mihi
611 1445 800 1483 discordia
829 1450 896 1488 est,

255 1513 446 1550 Hibericis
477 1517 629 1560 peruste
661 1510 814 1547 funibus
843 1509 940 1546 latus

307 1577 357 1614 Et
385 1589 492 1615 crura
521 1575 614 1613 dura
643 1575 841 1624 compede.

254 1643 361 1680 Licet
390 1642 576 1690 superbus
606 1640 777 1677 ambules
806 1639 978 1688 pecunia,

307 1707 475 1744 Fortuna
503 1718 582 1742 non
612 1711 732 1742 mutat
761 1716 893 1753 genus.

252 1773 434 1817 Videsne,
468 1770 625 1807 Sacram
653 1771 833 1807 metiente
863 1777 898 1806 te
928 1769 1027 1806 viam

307 1836 407 1874 Cum
435 1836 493 1873 bis
523 1839 545 1875 ψ
575 1836 686 1872 trium
716 1835 891 1872 ulnarum
920 1842 1022 1882 toga,

252 1901 305 1939 Ut
334 1913 402 1938 ora
429 1907 546 1937 vertat
575 1900 650 1936 huc
680 1906 716 1936 et
745 1899 819 1936 huc
848 1900 1017 1936 euntium

307 1966 516 2003 Liberrima
545 1965 784 2013 indignatio?

255 2032 388 2069 Sectus
418 2030 575 2079 flagellis
604 2029 665 2066 hic
696 2030 984 2068 triumviralibus

306 2095 511 2132 Praeconis
540 2095 589 2132 ad
618 2094 809 2131 fastidium

250 2160 344 2197 Arat
373 2159 520 2197 Falerni
548 2159 649 2196 mille
679 2159 785 2195 fundi
815 2159 942 2208 iugera

305 2225 352 2262 Et
383 2225 551 2273 Appiam
580 2224 729 2262 mannis
759 2225 852 2269 terit,

1307 233 1347 254 10

1306 557 1343 588 Ῐ5

1306 879 1347 902 20

1299 1979 1338 2002 10
