1507 2427
0 691 118 739 hasa

121 713 202 740 ndat-¹.
223 695 281 754 Ὑί(

518 59 560 91 H
562 59 652 91 ORA
660 59 735 91 TlI
762 59 790 91 C
788 59 959 91 ARMJN
958 60 1035 92 UM

329 160 452 208 Vana,
483 175 580 212 quae
609 168 720 212 porta
749 162 899 212 fugiens
928 163 1071 200 eburna

330 226 530 264 Somnium
561 227 689 264 ducit?
745 226 934 264 Meliusne
964 227 1109 295 fluctus!

328 289 389 327 Ire
418 302 485 340 per
513 291 652 339 longos
682 290 757 337 fuit,
788 303 837 328 an
865 298 1039 329 recentes
1089 307 1145 340 <1¹

491 354 657 403 Carpere
685 355 825 392 flores?
946 360 989 364 ψ’
1095 344 1098 349 ’

331 427 370 465 Si
399 428 482 477 quis
510 428 690 465 infamem
718 428 810 465 mihi
839 440 940 466 nunc
969 429 1171 466 iuvencum
1369 444 1409 475 45

330 491 455 529 Ded-at
484 493 610 537 iratae,
641 493 803 530 lacerare
834 493 929 530 ferro
959 500 995 529 et

330 555 523 605 Frangere
552 558 671 594 enitar
699 557 818 594 modo
848 557 1009 594 multum
1037 558 1151 595 amati

495 621 651 658 Cornua
679 622 850 658 monstri.

328 693 539 743 Impudens
569 694 658 742 liqui
687 694 828 742 patrios
857 694 1029 740 Penates,

329 748 542 807 Impfflens
572 758 717 796 Orcum
747 770 884 796 moror.
943 759 978 797 O
1009 759 1169 796 deorum
1369 772 1411 803 50

330 822 369 859 Si
398 824 482 871 quis
511 823 604 860 haec
633 823 752 868 audis,
782 824 926 861 utinam
954 824 1051 860 inter
1079 835 1198 860 errem

490 886 605 924 Nuda
634 887 786 925 leones!

311 944 548 1008 [Antequam
579 960 697 1009 turpis
727 961 867 998 macies
897 961 1075 1019 decentes
1130 964 1160 990 <
1163 967 1205 986 A·
1224 963 1287 986 ⁵*-
1214 921 1368 1012 Q

328 1024 504 1074 Occupet
533 1014 679 1062 malas
682 1033 909 1074 teneraeque
940 1017 1053 1080 sucus
1103 1035 1124 1063 ¹.
1235 1044 1240 1051 ν
1272 1022 1310 1065 *Κ
1275 1011 1423 1081 nes&

327 1089 480 1127 Defluat
509 1090 682 1138 praedae,
713 1092 888 1141 speciosa
917 1102 1058 1140 quaero

489 1155 648 1192 Pascere
679 1156 802 1204 tigres.

329 1228 425 1266 Vilis
453 1229 620 1278 Europe,
650 1236 756 1279 pater
784 1236 894 1278 urget
924 1230 1090 1267 absens:

326 1293 431 1340 Quid
463 1295 558 1331 mori
589 1295 743 1331 cessas?
799 1295 913 1332 Potes
942 1295 1013 1331 hac
1043 1295 1090 1332 ab
1119 1304 1214 1330 orno

328 1359 542 1396 Pendulum
574 1371 671 1396 zona
699 1360 797 1397 bene
825 1366 861 1397 te
891 1368 1020 1397 secuta

490 1424 659 1461 Laedere
688 1425 839 1461 collum.
1369 1423 1411 1457 60

332 1497 417 1534 Sive
446 1504 481 1534 te
511 1510 623 1546 rupes
652 1505 689 1535 et
718 1504 828 1535 acuta
857 1497 931 1536 leto

327 1561 427 1599 Saxa
457 1562 657 1607 delectant,
687 1574 759 1611 age
789 1569 825 1599 te
855 1562 1056 1634 procellae?
1223 1575 1301 1623 [μ’

325 1626 448 1664 Crede
478 1627 610 1672 veloci,
641 1628 713 1664 nisi
742 1627 857 1670 herile
887 1628 1006 1664 mavis
1092 1634 1100 1646 ‘¹
1134 1623 1209 1638 “””
1244 1624 1250 1627 ’
1284 1626 1297 1636 ²

487 1691 653 1741 Carpere
682 1705 856 1742 pensum,

323 1765 469 1814 Regius
499 1767 664 1815 sanguis,
696 1765 950 1815 dominaeque
979 1766 1076 1803 tradi
1367 1768 1408 1807 65

323 1830 511 1867 Barbarae
539 1830 675 1879 pellex.
732 1831 875 1868 Aderat
903 1831 1075 1880 querenti

322 1896 514 1934 Perfidum
543 1896 669 1934 ridens
697 1897 831 1934 Venus
860 1903 897 1934 et
923 1897 1083 1934 remisso

484 1961 599 1998 Filius
629 1974 729 1999 arcu.

322 2034 429 2080 Mox,
459 2035 523 2072 ubi
551 2035 638 2072 lusit
667 2035 776 2072 satis:
816 2035 1030 2080 Abstineto,
1048 2063 1058 2090 s
1108 2065 1109 2070 ,

322 2099 440 2144 Dixit,
468 2100 608 2136 irarum
639 2100 858 2150 calidaeque
888 2100 1002 2144 rixae,
1028 2097 1107 2124 ‘³⁶⁸‘

323 2163 421 2201 Cum
450 2165 516 2201 tibi
543 2165 685 2202 invisus
714 2154 935 2203 laee‘r‘a'ffda
944 2164 1075 2202 reddet

484 2229 641 2268 Cornua
670 2236 808 2268 taurus.
