1507 2427
515 81 610 113 ΜΒ.
632 81 661 113 J.
703 81 777 113 OD.
803 81 860 112 VJ.
937 62 941 67 ’
1257 88 1302 124 19

223 184 413 222 Intentata
442 183 562 221 nites!
602 182 668 220 Me
697 182 822 220 tabula
851 194 955 221 sacer

224 248 362 285 Votiva
390 249 512 297 paries
541 247 680 285 indicat
709 248 821 285 uvida

277 312 529 361 Suspendisse
558 313 704 361 potenti
1266 328 1300 358 15

327 376 564 413 Vestimenta
592 376 706 414 maris
736 375 821 414 deo.

559 673 691 713 ODE
725 673 795 712 VI.

171 793 367 833 Scmmzms
394 794 511 832 Vario
541 794 648 832 fortis
677 799 713 831 et
740 793 906 831 hostium

170 857 304 897 Victor
332 859 502 897 Maeonii
531 858 708 896 carminis
737 858 834 904 alite,

169 922 298 969 Quam
326 937 406 962 rem
434 936 584 973 cunque
612 923 719 961 ferox
747 924 906 961 navibus
936 930 999 961 aut
1029 923 1134 972 equis

277 988 388 1026 Miles
417 995 453 1025 te
483 988 579 1026 duce
609 988 794 1037 gesserit:

170 1051 264 1097 Nos,
294 1052 475 1101 Agrippa,
505 1065 629 1102 neque
659 1052 754 1090 haec
783 1052 920 1099 dicere,
949 1065 1020 1090 nec
1050 1063 1203 1101 gravem
1280 1068 1296 1097 5

171 1116 321 1154 Pelidae
351 1117 591 1154 stomachum
621 1117 754 1155 cedere
783 1117 911 1162 nescii,

171 1180 254 1218 Nec
282 1192 413 1218 cursus
443 1180 603 1229 duplicis
631 1193 699 1230 per
726 1193 829 1219 mare
858 1181 993 1227 Ulixei,

275 1244 360 1283 Nec
389 1257 540 1283 saevam
569 1245 722 1294 Pelopis
751 1245 911 1283 domum

170 1309 376 1355 Conamur,
404 1315 537 1347 tenues
566 1309 737 1358 grandia,
767 1308 859 1347 dum
888 1308 1012 1358 pudor

170 1374 413 1424 Imbellisque
441 1374 542 1424 lyrae
571 1373 687 1412 Musa
714 1380 851 1423 potens
879 1379 978 1411 vetat
1264 1387 1302 1411 10

171 1439 323 1477 Laudes
351 1439 492 1488 egregii
522 1438 698 1477 Caesaris
726 1446 762 1476 et
790 1445 874 1476 tuas

277 1503 402 1554 Culpa
430 1503 598 1541 deterere
627 1503 766 1552 ingeni.

171 1568 268 1615 Quis
297 1567 461 1606 Martem
489 1568 617 1605 tunica
645 1573 786 1605 tectum
809 1565 1051 1605 adamantina

170 1633 297 1682 Digne
327 1633 540 1682 scripserit?
570 1637 633 1669 aut
661 1631 812 1682 pulvere
842 1631 985 1669 Troico

170 1696 333 1748 Nigrum
362 1696 587 1743 Merionem,
617 1703 682 1734 aut
709 1708 783 1745 ope
812 1695 972 1734 Palladis
1267 1712 1303 1743 15

277 1761 457 1812 Tydiden
486 1761 632 1810 superis
662 1761 821 1810 parem?

170 1826 254 1864 Nos
282 1826 464 1873 convivia,
491 1837 563 1864 nos
591 1826 737 1875 proelia
764 1825 950 1874 virginum

172 1892 292 1930 Sectis
320 1892 359 1929 in
387 1892 542 1929 iuvenes
572 1891 762 1940 unguibus
792 1890 932 1927 acrium

171 1954 382 1993 Cantamus
410 1955 528 2001 vacui,
559 1955 635 1993 sive
664 1954 755 2005 quid
776 1955 928 2002 urimur,

278 2019 370 2058 Non
397 2026 546 2070 praeter
574 2019 727 2057 solitum
755 2019 866 2057 leves.
1267 2036 1306 2057 20

651 2261 714 2290 C2
