1507 2427
454 101 549 132 LIB.
568 100 600 133 J.
643 100 714 132 OD.
740 98 955 130 XXXVIII,

246 203 380 241 Remis
410 202 613 250 adurgens,
645 201 824 250 accipiter
852 200 953 238 velut

244 267 385 305 Molles
413 266 612 303 columbas
641 272 705 302 aut
734 267 905 314 leporem
935 264 1032 301 citus

297 331 469 368 Venator
499 330 537 366 in
568 330 713 378 campis
742 329 875 366 nivalis

353 394 606 438 Haemoniae,
638 394 740 430 daret
768 401 808 431 ut
837 393 982 430 catenis

244 459 376 497 Fatale
404 464 640 495 monstrum:
681 470 779 506 quae
807 459 1031 506 generosius

247 524 374 561 Perire
402 533 589 571 quaerens
618 534 689 559 nec
718 523 949 559 muliebriter

300 587 463 636 Expavit
493 599 625 624 ensem
655 599 726 623 nec
755 586 916 623 latentes

355 651 486 689 Classe
516 651 590 688 cita
617 651 802 699 reparavit
832 662 942 697 oras;

247 716 354 754 Ausa
382 722 419 753 et
447 716 633 753 iacentem
663 716 780 752 visere
809 715 956 763 regiam

251 781 370 818 Voltu
400 792 546 825 sereno,
576 780 682 818 fortis
711 786 749 817 et
777 791 933 827 asperas

302 845 484 882 Tractare
514 851 720 892 serpentes,
749 851 791 880 ut
818 851 941 880 atrum

355 909 527 958 Corpore
556 909 794 946 combiberet
823 919 1026 954 venenum,

250 974 469 1012 Deliberata
497 980 618 1010 morte
648 973 820 1018 ferocior,

252 1039 380 1078 saevis
409 1038 587 1076 Liburnis
617 1037 758 1074 scilicet
786 1036 959 1074 invidens

308 1104 457 1142 Privata
486 1102 622 1139 deduci
651 1102 816 1149 superbo

357 1166 452 1205 Non
479 1166 631 1204 humilis
660 1165 794 1202 mulier
821 1163 1028 1215 triumpho.

519 1413 554 1452 O
568 1414 604 1451 D
621 1413 654 1450 E
691 1412 918 1450 XXXVIII.

307 1518 489 1556 PERsrcos
516 1517 591 1562 odi,
621 1528 725 1565 puer,
754 1522 971 1564 apparatus,

306 1583 520 1631 Displicent
548 1593 670 1618 nexae
698 1580 844 1629 philyra
873 1591 1063 1625 coronae;

309 1647 421 1684 Mitte
451 1647 596 1692 sectari,
626 1658 713 1682 rosa
742 1657 819 1694 quo
848 1644 1024 1681 locorum

471 1711 562 1748 Sera
589 1716 766 1746 moretur.

311 1775 479 1825 Simplici
507 1781 629 1823 myrto
658 1773 750 1810 nihil
778 1773 962 1810 allabores

309 1841 471 1878 Sedulus
500 1851 612 1877 curo:
650 1851 776 1887 neque
804 1845 841 1875 te
870 1837 1083 1874 ministrum

308 1905 480 1944 Dedecet
508 1911 653 1953 myrtus
681 1915 807 1952 neque
837 1914 899 1940 me
929 1902 999 1940 sub
1030 1908 1108 1938 arta

470 1969 559 2006 Vite
587 1969 791 2006 bibentem.

1282 101 1330 139 45

1295 406 1333 426 20

1298 1049 1337 1079 30
