1507 2427
162 78 180 101 b)

508 70 642 102 ΗΘΚΛ
652 70 728 101 TII
751 71 961 103 EPODON

133 76 153 111 :A

266 174 408 224 Opima
438 174 575 223 quodsi
605 174 746 223 praeda
777 186 891 211 curvo
921 174 1030 211 litore

319 240 497 277 Porrecta
525 251 680 288 mergos
711 240 851 285 iuverit,

268 305 512 342 Libidinosus
541 304 799 341 immolabitur
829 316 944 353 caper

321 370 372 408 Et
401 381 500 419 agna
529 368 852 418 Tempestatibus.

563 740 786 779 EPODE
824 740 892 777 XI.

163 880 297 924 PETTI,
327 877 418 915 nihil
447 890 509 915 me
541 878 637 916 sicut
666 885 778 915 antea
807 879 907 915 iuvat

219 945 390 982 Scribere
420 944 625 980 versiculos
655 955 785 980 amore
816 954 1037 992 percussum
1067 942 1180 991 gravi,

163 1013 318 1053 Amore,
350 1010 413 1058 qui
443 1021 504 1045 me
534 1016 683 1056 praeter
712 1020 849 1045 omnes
879 1008 1020 1056 expetit

219 1075 408 1125 Mollibus*
429 1074 469 1110 in
498 1074 624 1122 pueris
655 1080 719 1109 aut
748 1074 786 1109 in
817 1073 948 1121 puellis
978 1084 1094 1109 urere.

165 1141 241 1177 Hic
271 1141 401 1178 tertius
430 1139 660 1183 December,
693 1151 739 1175 ex
769 1150 846 1187 quo
877 1138 1002 1175 destiti
1345 1149 1363 1181 5

222 1206 379 1242 Inachia
408 1204 542 1247 furere,
574 1204 673 1241 silvis
703 1203 892 1240 honorem
923 1203 1077 1240 decutit.

168 1272 257 1308 Heu
287 1283 360 1316 me,
390 1282 457 1318 per
486 1269 778 1306 Urbem—nam
810 1268 927 1317 pudet
957 1268 1049 1304 tanti
1079 1267 1222 1304 mali—-

221 1335 367 1373 Fabula
397 1342 540 1383 quanta
569 1334 644 1370 fui!
685 1333 957 1371 Conviviorum
987 1340 1024 1369 et
1052 1332 1231 1382 poenitet,

169 1402 215 1438 In
244 1400 328 1449 quis
358 1406 551 1436 amantem
579 1399 741 1447 languor
771 1406 807 1434 et
839 1398 1031 1434 silentium

221 1466 358 1515 Arguit
387 1471 424 1501 et
452 1465 567 1501 latere
597 1465 737 1512 petitus
767 1464 846 1500 imo
877 1464 1040 1511 spiritus.
1329 1476 1369 1497 10

171 1532 365 1570 Contrane
393 1529 541 1567 lucrum
570 1529 621 1565 nil
651 1529 773 1565 valere
804 1528 1013 1565 candidum

225 1596 407 1645 Pauperis
436 1595 659 1643 ingenium?
704 1594 887 1643 querebar
916 1592 1124 1643 applorans
1152 1591 1230 1636 tibi,

171 1662 291 1700 Simul
322 1661 476 1698 calentis
506 1659 786 1696 inverecundus
817 1658 910 1695 deus

227 1726 442 1763 Fervidiore
471 1737 577 1761 mero
608 1736 746 1761 arcana
774 1730 972 1771 promorat
1002 1722 1099 1759 loco.

172 1792 323 1839 Quodsi
353 1791 447 1827 meis
477 1791 662 1827 inaestuet
692 1788 927 1837 praecordiis
1332 1801 1369 1832 15

226 1858 363 1894 Libera
392 1856 486 1901 bilis,
515 1864 555 1892 ut
585 1855 678 1892 haee
709 1855 857 1902 ingrata
886 1853 1006 1889 ventis
1037 1851 1175 1888 dividat

172 1924 360 1961 Fomenta
388 1921 523 1958 volnus
553 1920 604 1956 nil
634 1920 776 1956 malum
806 1919 980 1963 levantia,
1004 1947 1006 1951 .

225 1988 385 2025 Desinet
413 1986 622 2035 imparibus
652 1992 794 2021 certare
825 1990 1041 2020 summotus
1071 1982 1205 2030 pudor.

172 2054 250 2092 Ubi
278 2053 372 2090 haec
402 2063 553 2089 severus
582 2057 618 2087 te
647 2050 774 2098 palam
805 2049 1055 2093 laudaveram,

226 2120 358 2157 Iussus
388 2118 489 2154 abire
521 2117 679 2153 domum
710 2115 856 2152 ferebar
884 2115 1029 2151 incerto
1060 2112 1157 2161 pede
1331 2125 1371 2147 20

174 2185 236 2222 Ad
266 2196 347 2221 non
377 2184 523 2220 amicos
554 2182 629 2219 heu
659 2180 751 2217 mihi
781 2187 913 2229 postes
945 2186 981 2215 et
1009 2178 1083 2215 heu

227 2250 378 2287 Limina
407 2249 511 2293 dura,
543 2247 679 2296 quibus
708 2246 859 2282 lumbos
890 2251 926 2281 et
955 2243 1091 2292 infregi
1121 2242 1228 2279 latus.
