<?xml version="1.0" encoding="UTF-8"?>
<!DOCTYPE html PUBLIC "-//W3C//DTD XHTML 1.0 Transitional//EN"
    "http://www.w3.org/TR/xhtml1/DTD/xhtml1-transitional.dtd">
<html xmlns="http://www.w3.org/1999/xhtml" xml:lang="en" lang="en">
 <head>
  <title>
</title>
<meta http-equiv="Content-Type" content="text/html;charset=utf-8" />
  <meta name='ocr-system' content='tesseract 3.04.00' />
  <meta name='ocr-capabilities' content='ocr_page ocr_carea ocr_par ocr_line ocrx_word'/>
</head>
<body>
  <div class='ocr_page' id='page_1' title='image "./quintihoratiifl01horauoft_0050.png"; bbox 0 0 1507 2427; ppageno 0'>
   <div class='ocr_carea' id='block_1_1' title="bbox 67 67 111 100">
    <p class='ocr_par' dir='ltr' id='par_1_1' title="bbox 67 67 111 100">
     <span class='ocr_line' id='line_1_1' title="bbox 67 67 111 100; baseline 0 0"><span class='ocrx_word' id='word_1_1' title='bbox 67 67 111 100; x_wconf 85' lang='lat'><strong>14</strong></span> 
     </span>
    </p>
   </div>
   <div class='ocr_carea' id='block_1_2' title="bbox 426 55 948 89">
    <p class='ocr_par' dir='ltr' id='par_1_2' title="bbox 426 55 948 89">
     <span class='ocr_line' id='line_1_2' title="bbox 426 55 948 89; baseline -0.008 0"><span class='ocrx_word' id='word_1_2' title='bbox 426 58 469 89; x_wconf 89' lang='lat' dir='ltr'><em>H</em></span> <span class='ocrx_word' id='word_1_3' title='bbox 468 57 560 89; x_wconf 85' lang='lat' dir='ltr'><strong>ORA</strong></span> <span class='ocrx_word' id='word_1_4' title='bbox 571 56 604 87; x_wconf 93' lang='lat' dir='ltr'><em>T</em></span> <span class='ocrx_word' id='word_1_5' title='bbox 597 56 640 88; x_wconf 90' lang='lat' dir='ltr'><strong>II</strong></span> <span class='ocrx_word' id='word_1_6' title='bbox 672 55 948 87; x_wconf 84' lang='lat' dir='ltr'><em>CARMJNUM</em></span> 
     </span>
    </p>
   </div>
   <div class='ocr_carea' id='block_1_3' title="bbox 225 159 1122 403">
    <p class='ocr_par' dir='ltr' id='par_1_3' title="bbox 225 159 1122 403">
     <span class='ocr_line' id='line_1_3' title="bbox 228 159 990 208; baseline -0.003 -10"><span class='ocrx_word' id='word_1_7' title='bbox 228 161 413 206; x_wconf 83' lang='lat' dir='ltr'><strong>Quassas,</strong></span> <span class='ocrx_word' id='word_1_8' title='bbox 443 159 619 196; x_wconf 86' lang='lat' dir='ltr'>indocilis</span> <span class='ocrx_word' id='word_1_9' title='bbox 649 159 872 208; x_wconf 84' lang='lat' dir='ltr'>pauperiem</span> <span class='ocrx_word' id='word_1_10' title='bbox 901 159 990 208; x_wconf 87' lang='lat' dir='ltr'><strong>pati.</strong></span> 
     </span>
     <span class='ocr_line' id='line_1_4' title="bbox 225 222 1007 274; baseline -0.004 -11"><span class='ocrx_word' id='word_1_11' title='bbox 225 224 296 263; x_wconf 86' lang='lat' dir='ltr'><strong>Est</strong></span> <span class='ocrx_word' id='word_1_12' title='bbox 324 225 388 274; x_wconf 90' lang='lat' dir='ltr'><strong>qui</strong></span> <span class='ocrx_word' id='word_1_13' title='bbox 418 236 490 261; x_wconf 91' lang='lat' dir='ltr'><strong>nec</strong></span> <span class='ocrx_word' id='word_1_14' title='bbox 519 224 655 260; x_wconf 87' lang='lat' dir='ltr'><strong>veteris</strong></span> <span class='ocrx_word' id='word_1_15' title='bbox 683 223 823 271; x_wconf 83' lang='lat' dir='ltr'><strong>pocula</strong></span> <span class='ocrx_word' id='word_1_16' title='bbox 851 222 1007 261; x_wconf 86' lang='lat' dir='ltr'>Massici</span> 
     </span>
     <span class='ocr_line' id='line_1_5' title="bbox 226 287 989 338; baseline -0.004 -11"><span class='ocrx_word' id='word_1_17' title='bbox 226 289 310 327; x_wconf 89' lang='lat' dir='ltr'><strong>Nec</strong></span> <span class='ocrx_word' id='word_1_18' title='bbox 339 296 486 338; x_wconf 82' lang='lat' dir='ltr'><strong>partem</strong></span> <span class='ocrx_word' id='word_1_19' title='bbox 516 287 640 325; x_wconf 86' lang='lat' dir='ltr'><strong>solido</strong></span> <span class='ocrx_word' id='word_1_20' title='bbox 671 287 823 324; x_wconf 91' lang='lat' dir='ltr'><strong>demere</strong></span> <span class='ocrx_word' id='word_1_21' title='bbox 853 287 900 324; x_wconf 93' lang='lat' dir='ltr'><strong>de</strong></span> <span class='ocrx_word' id='word_1_22' title='bbox 929 288 989 325; x_wconf 91' lang='lat' dir='ltr'><strong>die</strong></span> 
     </span>
     <span class='ocr_line' id='line_1_6' title="bbox 228 353 1122 403; baseline -0.001 -13"><span class='ocrx_word' id='word_1_23' title='bbox 228 353 389 403; x_wconf 81' lang='lat' dir='ltr'>Spernit,</span> <span class='ocrx_word' id='word_1_24' title='bbox 421 365 524 390; x_wconf 87' lang='lat' dir='ltr'><strong>nunc</strong></span> <span class='ocrx_word' id='word_1_25' title='bbox 553 353 659 389; x_wconf 85' lang='lat' dir='ltr'><strong>viridi</strong></span> <span class='ocrx_word' id='word_1_26' title='bbox 688 353 865 390; x_wconf 87' lang='lat' dir='ltr'><strong>membra</strong></span> <span class='ocrx_word' id='word_1_27' title='bbox 888 353 958 390; x_wconf 86' lang='lat' dir='ltr'><strong>sub</strong></span> <span class='ocrx_word' id='word_1_28' title='bbox 988 353 1122 390; x_wconf 91' lang='lat' dir='ltr'><strong>arbuto</strong></span> 
     </span>
    </p>
   </div>
   <div class='ocr_carea' id='block_1_4' title="bbox 227 417 1178 467">
    <p class='ocr_par' dir='ltr' id='par_1_4' title="bbox 227 417 1178 467">
     <span class='ocr_line' id='line_1_7' title="bbox 227 417 1178 467; baseline -0.002 -11"><span class='ocrx_word' id='word_1_29' title='bbox 227 419 384 464; x_wconf 80' lang='lat' dir='ltr'>Stratus,</span> <span class='ocrx_word' id='word_1_30' title='bbox 414 430 517 455; x_wconf 82' lang='lat' dir='ltr'><strong>nuno</strong></span> <span class='ocrx_word' id='word_1_31' title='bbox 547 418 596 454; x_wconf 90' lang='lat' dir='ltr'><strong>ad</strong></span> <span class='ocrx_word' id='word_1_32' title='bbox 625 429 747 466; x_wconf 80' lang='lat' dir='ltr'><strong>aquae</strong></span> <span class='ocrx_word' id='word_1_33' title='bbox 776 417 862 454; x_wconf 88' lang='lat' dir='ltr'><strong>lene</strong></span> <span class='ocrx_word' id='word_1_34' title='bbox 892 424 1009 467; x_wconf 90' lang='lat' dir='ltr'><strong>caput</strong></span> <span class='ocrx_word' id='word_1_35' title='bbox 1038 429 1178 455; x_wconf 88' lang='lat' dir='ltr'><strong>sacrae.</strong></span> 
     </span>
    </p>
   </div>
   <div class='ocr_carea' id='block_1_5' title="bbox 224 482 1132 1364">
    <p class='ocr_par' dir='ltr' id='par_1_5' title="bbox 224 482 1033 784">
     <span class='ocr_line' id='line_1_8' title="bbox 226 482 1012 520; baseline 0 0"><span class='ocrx_word' id='word_1_36' title='bbox 226 483 371 520; x_wconf 86' lang='lat' dir='ltr'><strong>Multos</strong></span> <span class='ocrx_word' id='word_1_37' title='bbox 402 490 525 520; x_wconf 86' lang='lat' dir='ltr'><strong>castra</strong></span> <span class='ocrx_word' id='word_1_38' title='bbox 553 483 682 519; x_wconf 85' lang='lat' dir='ltr'><strong>iuvant</strong></span> <span class='ocrx_word' id='word_1_39' title='bbox 712 489 748 519; x_wconf 87' lang='lat' dir='ltr'><strong>et</strong></span> <span class='ocrx_word' id='word_1_40' title='bbox 776 482 868 519; x_wconf 88' lang='lat' dir='ltr'><strong>lituo</strong></span> <span class='ocrx_word' id='word_1_41' title='bbox 898 483 1012 520; x_wconf 86' lang='lat' dir='ltr'><strong>tubae</strong></span> 
     </span>
     <span class='ocr_line' id='line_1_9' title="bbox 225 547 1033 595; baseline -0.002 -11"><span class='ocrx_word' id='word_1_42' title='bbox 225 547 440 585; x_wconf 82' lang='lat' dir='ltr'><strong>Permixtus</strong></span> <span class='ocrx_word' id='word_1_43' title='bbox 469 547 617 584; x_wconf 88' lang='lat' dir='ltr'><strong>sonitus</strong></span> <span class='ocrx_word' id='word_1_44' title='bbox 647 547 821 595; x_wconf 75' lang='lat' dir='ltr'><strong>bellaque</strong></span> <span class='ocrx_word' id='word_1_45' title='bbox 851 547 1033 583; x_wconf 88' lang='lat' dir='ltr'><strong>matribus</strong></span> 
     </span>
     <span class='ocr_line' id='line_1_10' title="bbox 224 611 1018 660; baseline -0.003 -10"><span class='ocrx_word' id='word_1_46' title='bbox 224 612 433 650; x_wconf 83' lang='lat' dir='ltr'><strong>Detestata.</strong></span> <span class='ocrx_word' id='word_1_47' title='bbox 491 611 626 648; x_wconf 86' lang='lat' dir='ltr'><strong>Manet</strong></span> <span class='ocrx_word' id='word_1_48' title='bbox 657 612 726 648; x_wconf 86' lang='lat' dir='ltr'><strong>sub</strong></span> <span class='ocrx_word' id='word_1_49' title='bbox 757 612 849 649; x_wconf 88' lang='lat' dir='ltr'><strong>Iove</strong></span> <span class='ocrx_word' id='word_1_50' title='bbox 879 612 1018 660; x_wconf 85' lang='lat' dir='ltr'><strong>frigido</strong></span> 
     </span>
     <span class='ocr_line' id='line_1_11' title="bbox 225 676 1025 725; baseline 0 -13"><span class='ocrx_word' id='word_1_51' title='bbox 225 676 393 714; x_wconf 82' lang='lat' dir='ltr'>Venator</span> <span class='ocrx_word' id='word_1_52' title='bbox 422 684 574 713; x_wconf 81' lang='lat' dir='ltr'><strong>tenerae</strong></span> <span class='ocrx_word' id='word_1_53' title='bbox 605 677 782 725; x_wconf 82' lang='lat' dir='ltr'><strong>coniugis</strong></span> <span class='ocrx_word' id='word_1_54' title='bbox 812 677 1025 722; x_wconf 84' lang='lat' dir='ltr'><strong>immemor,</strong></span> 
     </span>
     <span class='ocr_line' id='line_1_12' title="bbox 228 741 1015 784; baseline -0.001 -6"><span class='ocrx_word' id='word_1_55' title='bbox 228 742 303 779; x_wconf 88' lang='lat' dir='ltr'><strong>Seu</strong></span> <span class='ocrx_word' id='word_1_56' title='bbox 333 743 412 778; x_wconf 81' lang='lat' dir='ltr'><strong>visa</strong></span> <span class='ocrx_word' id='word_1_57' title='bbox 441 749 497 778; x_wconf 87' lang='lat' dir='ltr'><strong>est</strong></span> <span class='ocrx_word' id='word_1_58' title='bbox 527 741 660 778; x_wconf 86' lang='lat' dir='ltr'><strong>catulis</strong></span> <span class='ocrx_word' id='word_1_59' title='bbox 691 753 802 778; x_wconf 87' lang='lat' dir='ltr'><strong>cerva</strong></span> <span class='ocrx_word' id='word_1_60' title='bbox 830 741 1015 784; x_wconf 87' lang='lat' dir='ltr'><strong>fidelibus,</strong></span> 
     </span>
    </p>

    <p class='ocr_par' dir='ltr' id='par_1_6' title="bbox 226 806 1132 1364">
     <span class='ocr_line' id='line_1_13' title="bbox 227 806 1073 855; baseline -0.002 -11"><span class='ocrx_word' id='word_1_61' title='bbox 227 807 303 844; x_wconf 90' lang='lat' dir='ltr'><strong>Seu</strong></span> <span class='ocrx_word' id='word_1_62' title='bbox 332 807 432 855; x_wconf 87' lang='lat' dir='ltr'><strong>rupit</strong></span> <span class='ocrx_word' id='word_1_63' title='bbox 461 814 597 844; x_wconf 89' lang='lat' dir='ltr'><strong>teretes</strong></span> <span class='ocrx_word' id='word_1_64' title='bbox 627 806 778 843; x_wconf 85' lang='lat' dir='ltr'><strong>Marsus</strong></span> <span class='ocrx_word' id='word_1_65' title='bbox 808 818 900 854; x_wconf 89' lang='lat' dir='ltr'><strong>aper</strong></span> <span class='ocrx_word' id='word_1_66' title='bbox 928 807 1073 855; x_wconf 79' lang='lat' dir='ltr'>plagas.</span> 
     </span>
     <span class='ocr_line' id='line_1_14' title="bbox 226 871 1121 920; baseline -0.002 -11"><span class='ocrx_word' id='word_1_67' title='bbox 226 872 293 910; x_wconf 89' lang='lat' dir='ltr'><strong>Me</strong></span> <span class='ocrx_word' id='word_1_68' title='bbox 325 872 521 909; x_wconf 86' lang='lat' dir='ltr'><strong>doctarum</strong></span> <span class='ocrx_word' id='word_1_69' title='bbox 551 871 714 909; x_wconf 79' lang='lat' dir='ltr'><strong>hederae</strong></span> <span class='ocrx_word' id='word_1_70' title='bbox 745 872 914 920; x_wconf 79' lang='lat' dir='ltr'><strong>praemia</strong></span> <span class='ocrx_word' id='word_1_71' title='bbox 943 871 1121 908; x_wconf 86' lang='lat' dir='ltr'><strong>frontium</strong></span> 
     </span>
     <span class='ocr_line' id='line_1_15' title="bbox 227 936 1132 985; baseline 0 -11"><span class='ocrx_word' id='word_1_72' title='bbox 227 937 298 974; x_wconf 88' lang='lat' dir='ltr'><strong>Dis</strong></span> <span class='ocrx_word' id='word_1_73' title='bbox 327 938 487 974; x_wconf 86' lang='lat' dir='ltr'><strong>miscent</strong></span> <span class='ocrx_word' id='word_1_74' title='bbox 516 937 674 985; x_wconf 87' lang='lat' dir='ltr'><strong>superis,</strong></span> <span class='ocrx_word' id='word_1_75' title='bbox 704 948 765 973; x_wconf 91' lang='lat' dir='ltr'><strong>me</strong></span> <span class='ocrx_word' id='word_1_76' title='bbox 794 936 964 985; x_wconf 82' lang='lat' dir='ltr'><strong>gelidum</strong></span> <span class='ocrx_word' id='word_1_77' title='bbox 994 949 1132 974; x_wconf 86' lang='lat' dir='ltr'><strong>nemus</strong></span> 
     </span>
     <span class='ocr_line' id='line_1_16' title="bbox 228 1001 1128 1051; baseline -0.002 -12"><span class='ocrx_word' id='word_1_78' title='bbox 228 1001 572 1051; x_wconf 75' lang='lat' dir='ltr'><strong>Nympharumque</strong></span> <span class='ocrx_word' id='word_1_79' title='bbox 602 1001 702 1038; x_wconf 84' lang='lat' dir='ltr'><strong>leves</strong></span> <span class='ocrx_word' id='word_1_80' title='bbox 733 1014 820 1038; x_wconf 85' lang='lat' dir='ltr'><strong>cum</strong></span> <span class='ocrx_word' id='word_1_81' title='bbox 852 1001 993 1050; x_wconf 80' lang='lat' dir='ltr'><strong>Satyris</strong></span> <span class='ocrx_word' id='word_1_82' title='bbox 1023 1001 1128 1038; x_wconf 92' lang='lat' dir='ltr'><strong>chori</strong></span> 
     </span>
     <span class='ocr_line' id='line_1_17' title="bbox 229 1067 983 1116; baseline -0.001 -12"><span class='ocrx_word' id='word_1_83' title='bbox 229 1068 439 1105; x_wconf 87' lang='lat' dir='ltr'><strong>Secernunt</strong></span> <span class='ocrx_word' id='word_1_84' title='bbox 468 1067 624 1116; x_wconf 88' lang='lat' dir='ltr'><strong>populo,</strong></span> <span class='ocrx_word' id='word_1_85' title='bbox 657 1067 687 1103; x_wconf 90' lang='lat' dir='ltr'><strong>si</strong></span> <span class='ocrx_word' id='word_1_86' title='bbox 716 1079 841 1115; x_wconf 86' lang='lat' dir='ltr'><strong>neque</strong></span> <span class='ocrx_word' id='word_1_87' title='bbox 873 1067 983 1104; x_wconf 84' lang='lat' dir='ltr'><strong>tibias</strong></span> 
     </span>
     <span class='ocr_line' id='line_1_18' title="bbox 227 1131 959 1181; baseline -0.001 -11"><span class='ocrx_word' id='word_1_88' title='bbox 227 1132 394 1181; x_wconf 81' lang='lat' dir='ltr'><strong>Euterpe</strong></span> <span class='ocrx_word' id='word_1_89' title='bbox 423 1132 576 1169; x_wconf 87' lang='lat' dir='ltr'><strong>cohibet</strong></span> <span class='ocrx_word' id='word_1_90' title='bbox 606 1144 677 1168; x_wconf 87' lang='lat' dir='ltr'><strong>nec</strong></span> <span class='ocrx_word' id='word_1_91' title='bbox 707 1131 959 1180; x_wconf 79' lang='lat' dir='ltr'><strong>Polyhymnia</strong></span> 
     </span>
     <span class='ocr_line' id='line_1_19' title="bbox 226 1196 992 1245; baseline -0.001 -10"><span class='ocrx_word' id='word_1_92' title='bbox 226 1197 425 1235; x_wconf 83' lang='lat' dir='ltr'><strong>Lesboum</strong></span> <span class='ocrx_word' id='word_1_93' title='bbox 455 1196 592 1245; x_wconf 85' lang='lat' dir='ltr'><strong>refugit</strong></span> <span class='ocrx_word' id='word_1_94' title='bbox 619 1197 776 1234; x_wconf 87' lang='lat' dir='ltr'><strong>tendere</strong></span> <span class='ocrx_word' id='word_1_95' title='bbox 805 1197 992 1234; x_wconf 88' lang='lat' dir='ltr'><strong>barbiton.</strong></span> 
     </span>
     <span class='ocr_line' id='line_1_20' title="bbox 227 1261 982 1310; baseline 0 -11"><span class='ocrx_word' id='word_1_96' title='bbox 227 1262 379 1308; x_wconf 84' lang='lat' dir='ltr'><strong>Quodsi</strong></span> <span class='ocrx_word' id='word_1_97' title='bbox 407 1274 469 1298; x_wconf 89' lang='lat' dir='ltr'><strong>me</strong></span> <span class='ocrx_word' id='word_1_98' title='bbox 498 1261 620 1310; x_wconf 84' lang='lat' dir='ltr'><strong>lyricis</strong></span> <span class='ocrx_word' id='word_1_99' title='bbox 650 1261 796 1297; x_wconf 85' lang='lat' dir='ltr'><strong>vatibus</strong></span> <span class='ocrx_word' id='word_1_100' title='bbox 826 1261 982 1308; x_wconf 85' lang='lat' dir='ltr'><strong>inseres,</strong></span> 
     </span>
     <span class='ocr_line' id='line_1_21' title="bbox 231 1326 879 1364; baseline -0.002 0"><span class='ocrx_word' id='word_1_101' title='bbox 231 1327 389 1364; x_wconf 88' lang='lat' dir='ltr'><strong>Sublimi</strong></span> <span class='ocrx_word' id='word_1_102' title='bbox 419 1327 548 1364; x_wconf 88' lang='lat' dir='ltr'><strong>feriam</strong></span> <span class='ocrx_word' id='word_1_103' title='bbox 579 1326 703 1363; x_wconf 86' lang='lat' dir='ltr'><strong>sidera</strong></span> <span class='ocrx_word' id='word_1_104' title='bbox 732 1326 879 1363; x_wconf 75' lang='lat' dir='ltr'><strong>vertice.</strong></span> 
     </span>
    </p>
   </div>
   <div class='ocr_carea' id='block_1_6' title="bbox 576 1650 803 1689">
    <p class='ocr_par' dir='ltr' id='par_1_7' title="bbox 576 1650 803 1689">
     <span class='ocr_line' id='line_1_22' title="bbox 576 1650 803 1689; baseline 0 -1"><span class='ocrx_word' id='word_1_105' title='bbox 576 1650 707 1688; x_wconf 88' lang='lat' dir='ltr'><strong>ODE</strong></span> <span class='ocrx_word' id='word_1_106' title='bbox 753 1650 803 1689; x_wconf 90' lang='lat'><strong>11.</strong></span> 
     </span>
    </p>
   </div>
   <div class='ocr_carea' id='block_1_7' title="bbox 224 1769 1126 2276">
    <p class='ocr_par' dir='ltr' id='par_1_8' title="bbox 224 1769 1126 2276">
     <span class='ocr_line' id='line_1_23' title="bbox 228 1769 957 1820; baseline 0.001 -13"><span class='ocrx_word' id='word_1_107' title='bbox 228 1769 303 1807; x_wconf 70' lang='lat' dir='ltr'><strong>Lm</strong></span> <span class='ocrx_word' id='word_1_108' title='bbox 334 1769 422 1807; x_wconf 87' lang='lat' dir='ltr'><strong>satis</strong></span> <span class='ocrx_word' id='word_1_109' title='bbox 450 1771 556 1807; x_wconf 83' lang='lat' dir='ltr'><strong>terris</strong></span> <span class='ocrx_word' id='word_1_110' title='bbox 587 1771 682 1808; x_wconf 81' lang='lat' dir='ltr'><strong>nivis</strong></span> <span class='ocrx_word' id='word_1_111' title='bbox 713 1778 825 1820; x_wconf 88' lang='lat' dir='ltr'><strong>atque</strong></span> <span class='ocrx_word' id='word_1_112' title='bbox 856 1771 957 1809; x_wconf 86' lang='lat' dir='ltr'><strong>dirae</strong></span> 
     </span>
     <span class='ocr_line' id='line_1_24' title="bbox 228 1835 956 1874; baseline 0.003 -3"><span class='ocrx_word' id='word_1_113' title='bbox 228 1835 436 1872; x_wconf 84' lang='lat' dir='ltr'><strong>Grandinis</strong></span> <span class='ocrx_word' id='word_1_114' title='bbox 466 1836 565 1873; x_wconf 87' lang='lat' dir='ltr'><strong>misit</strong></span> <span class='ocrx_word' id='word_1_115' title='bbox 595 1836 705 1874; x_wconf 82' lang='lat' dir='ltr'><strong>Pater</strong></span> <span class='ocrx_word' id='word_1_116' title='bbox 734 1844 769 1873; x_wconf 87' lang='lat' dir='ltr'><strong>et</strong></span> <span class='ocrx_word' id='word_1_117' title='bbox 798 1836 956 1873; x_wconf 87' lang='lat' dir='ltr'><strong>rubente</strong></span> 
     </span>
     <span class='ocr_line' id='line_1_25' title="bbox 224 1898 894 1939; baseline 0.001 -3"><span class='ocrx_word' id='word_1_118' title='bbox 224 1898 393 1937; x_wconf 86' lang='lat' dir='ltr'><strong>Dextera</strong></span> <span class='ocrx_word' id='word_1_119' title='bbox 422 1912 546 1937; x_wconf 81' lang='lat' dir='ltr'><strong>sacras</strong></span> <span class='ocrx_word' id='word_1_120' title='bbox 576 1901 758 1938; x_wconf 87' lang='lat' dir='ltr'><strong>iaculatus</strong></span> <span class='ocrx_word' id='word_1_121' title='bbox 787 1913 894 1939; x_wconf 84' lang='lat' dir='ltr'><strong>arces</strong></span> 
     </span>
     <span class='ocr_line' id='line_1_26' title="bbox 387 1965 725 2011; baseline 0.003 -9"><span class='ocrx_word' id='word_1_122' title='bbox 387 1965 538 2002; x_wconf 91' lang='lat' dir='ltr'><strong>Terruit</strong></span> <span class='ocrx_word' id='word_1_123' title='bbox 566 1965 725 2011; x_wconf 89' lang='lat' dir='ltr'><strong>Urbem,</strong></span> 
     </span>
     <span class='ocr_line' id='line_1_27' title="bbox 225 2029 938 2081; baseline 0.003 -14"><span class='ocrx_word' id='word_1_124' title='bbox 225 2029 377 2067; x_wconf 90' lang='lat' dir='ltr'><strong>Terruit</strong></span> <span class='ocrx_word' id='word_1_125' title='bbox 406 2038 552 2080; x_wconf 83' lang='lat' dir='ltr'><strong>gentes,</strong></span> <span class='ocrx_word' id='word_1_126' title='bbox 581 2044 695 2081; x_wconf 85' lang='lat' dir='ltr'><strong>grave</strong></span> <span class='ocrx_word' id='word_1_127' title='bbox 725 2044 772 2070; x_wconf 85' lang='lat' dir='ltr'><strong>ne</strong></span> <span class='ocrx_word' id='word_1_128' title='bbox 802 2031 938 2070; x_wconf 89' lang='lat' dir='ltr'><strong>rediret</strong></span> 
     </span>
     <span class='ocr_line' id='line_1_28' title="bbox 227 2095 1126 2146; baseline 0.002 -14"><span class='ocrx_word' id='word_1_129' title='bbox 227 2095 407 2132; x_wconf 67' lang='lat' dir='ltr'><strong>Secutum</strong></span> <span class='ocrx_word' id='word_1_130' title='bbox 437 2095 601 2145; x_wconf 82' lang='lat' dir='ltr'><strong>Pyrrhae</strong></span> <span class='ocrx_word' id='word_1_131' title='bbox 632 2109 730 2134; x_wconf 90' lang='lat' dir='ltr'><strong>nova</strong></span> <span class='ocrx_word' id='word_1_132' title='bbox 758 2105 928 2134; x_wconf 86' lang='lat' dir='ltr'><strong>monstra</strong></span> <span class='ocrx_word' id='word_1_133' title='bbox 958 2103 1126 2146; x_wconf 86' lang='lat' dir='ltr'><strong>questae,</strong></span> 
     </span>
     <span class='ocr_line' id='line_1_29' title="bbox 227 2160 1042 2212; baseline 0.004 -15"><span class='ocrx_word' id='word_1_134' title='bbox 227 2160 352 2198; x_wconf 91' lang='lat' dir='ltr'><strong>Omne</strong></span> <span class='ocrx_word' id='word_1_135' title='bbox 383 2173 470 2198; x_wconf 86' lang='lat' dir='ltr'><strong>cum</strong></span> <span class='ocrx_word' id='word_1_136' title='bbox 501 2161 660 2199; x_wconf 82' lang='lat' dir='ltr'><strong>Proteus</strong></span> <span class='ocrx_word' id='word_1_137' title='bbox 690 2174 809 2211; x_wconf 84' lang='lat' dir='ltr'><strong>pecus</strong></span> <span class='ocrx_word' id='word_1_138' title='bbox 839 2164 916 2212; x_wconf 83' lang='lat' dir='ltr'><strong>egit</strong></span> <span class='ocrx_word' id='word_1_139' title='bbox 945 2162 1042 2200; x_wconf 83' lang='lat' dir='ltr'><strong>altos</strong></span> 
     </span>
     <span class='ocr_line' id='line_1_30' title="bbox 385 2226 710 2276; baseline 0.006 -14"><span class='ocrx_word' id='word_1_140' title='bbox 385 2226 519 2265; x_wconf 86' lang='lat' dir='ltr'><strong>Visere</strong></span> <span class='ocrx_word' id='word_1_141' title='bbox 548 2234 710 2276; x_wconf 81' lang='lat' dir='ltr'><strong>montes,</strong></span> 
     </span>
    </p>
   </div>
   <div class='ocr_carea' id='block_1_8' title="bbox 1281 303 1321 325">
    <p class='ocr_par' dir='ltr' id='par_1_9' title="bbox 1281 303 1321 325">
     <span class='ocr_line' id='line_1_31' title="bbox 1281 303 1321 325; baseline 0 0"><span class='ocrx_word' id='word_1_142' title='bbox 1281 303 1321 325; x_wconf 89' lang='lat'><strong>20</strong></span> 
     </span>
    </p>
   </div>
   <div class='ocr_carea' id='block_1_9' title="bbox 1280 951 1322 982">
    <p class='ocr_par' dir='ltr' id='par_1_10' title="bbox 1280 951 1322 982">
     <span class='ocr_line' id='line_1_32' title="bbox 1280 951 1322 982; baseline 0 -10"><span class='ocrx_word' id='word_1_143' title='bbox 1280 951 1322 982; x_wconf 79' lang='lat'><strong>30</strong></span> 
     </span>
    </p>
   </div>
   <div class='ocr_carea' id='block_1_10' title="bbox 1450 0 1507 2427">
    <p class='ocr_par' dir='ltr' id='par_1_11' title="bbox 1450 0 1507 2427">
     <span class='ocr_line' id='line_1_33' title="bbox 1450 0 1507 2427; baseline 0 0"><span class='ocrx_word' id='word_1_144' title='bbox 1450 0 1507 2427; x_wconf 95' lang='lat' dir='ltr'><strong> </strong></span> 
     </span>
    </p>
   </div>
  </div>
 </body>
</html>
