1507 2427
501 75 597 106 LIB.
619 75 692 107 Ill.
736 75 808 107 OD.
831 76 919 107 XII.

246 179 357 226 Quae
386 185 542 216 manent
571 178 702 228 culpas
732 179 844 216 etiam
875 179 947 216 sub
977 178 1091 217 Orco.

245 243 550 292 Impiae‚—nam
579 243 671 292 quid
700 250 856 292 potuere
885 243 1008 281 maius
1023 245 1092 281 ?—

246 306 394 356 Impiae
423 319 591 356 sponsos
620 314 779 357 potuere
810 308 905 347 duro

351 371 513 409 Perdere
543 372 638 410 ferro
657 375 664 410 l

246 435 336 474 Una
366 436 412 473 de
441 437 568 474 multis
598 436 679 474 face
710 438 867 487 nuptiali

455 501 596 538 riurum
626 501 692 538 suit
721 502 759 538 in
789 509 985 551 parentem
1152 542 1168 569 t
1236 547 1238 551 ,

26 547 273 614 p'⁴“'²³“'‘”⁴¹''S
244 500 364 615 {ilfi-ln
353 513 455 604 aa&
483 566 651 603 mendax
680 573 716 604 et
744 567 783 603 in
813 578 928 604 omne
958 567 1063 615 vilgo
1104 570 1130 593 “

353 630 503 668 Nobilis
532 643 679 677 aevum,

246 695 376 745 Surge,
407 707 504 744 quae
534 695 625 732 dixit
652 696 775 733 iuveni
804 696 950 740 marito,

248 760 378 809 Surge,
409 772 457 796 ne
487 759 624 808 longus
653 760 719 797 tibi
749 771 919 805 somnus,
950 760 1051 797 unde

246 824 337 863 Non
366 826 486 871 times,
518 825 649 872 detur·
681 837 859 863 socerum
888 831 924 862 et
954 824 1133 862 scelestas

354 889 456 927 Falle
486 901 646 937 sororeS,
697 921 703 941 z
873 926 882 941 <
898 921 909 938 f
932 924 943 932 ,.
987 900 1008 933 ι’
1032 922 1035 926 -
1055 926 1073 934 -

247 954 359 1000 Quae
388 953 487 991 velut
516 942 651 1013 nhetae
680 938 818 992 vitulos
844 935 1001 992 leaenae

248 1019 426 1068 Singulos
456 1018 553 1056 eheu
580 1019 770 1056 lacerant:
802 1031 876 1067 ego
906 1019 975 1056 illis

248 1083 404 1121 Mollior
431 1096 503 1121 nec
533 1090 568 1120 te
599 1083 731 1120 feriam
761 1095 887 1132 neque
918 1083 1015 1120 intra

355 1147 528 1185 Claustra
557 1149 708 1186 tenebo.

247 1212 314 1250 Me
344 1218 450 1262 pater
479 1213 598 1250 saevis
627 1220 760 1250 oneret
789 1214 943 1258 catenis,

247 1276 367 1322 Quod
394 1276 472 1312 viro
503 1275 672 1313 clemens
700 1277 841 1328 misero
870 1277 1024 1326 peperci
1040 1290 1051 1323 3

248 1341 314 1378 Me
343 1340 400 1379 vel
429 1347 620 1379 extremos
651 1340 906 1379 Numidarum
936 1342 975 1378 in
1004 1353 1117 1391 agros

355 1405 486 1443 Classe
514 1405 664 1454 releget.

247 1470 277 1515 1,
307 1470 426 1519 pedes
456 1482 533 1519 quo
563 1477 599 1507 te
628 1471 779 1520 rapiunt
809 1478 845 1509 et
874 1483 998 1517 aurae,

248 1534 353 1572 Dum
381 1534 480 1571 favet
508 1546 586 1572 nox
615 1542 652 1572 et
679 1535 825 1581 Venus,
855 1537 866 1572 i
895 1536 1067 1573 secundo

250 1598 390 1636 Omine
420 1605 456 1636 et
485 1598 603 1636 nostri
632 1611 842 1637 memorem
874 1599 1074 1672 sepulchro
1127 1609 1172 1635 m

357 1662 493 1716 Soglpe
521 1651 733 1712 querelam.
1011 1671 1017 1676 “

578 1985 711 2024 ODE
749 1985 839 2024 XII.

139 2105 377 2145 MISERARUM
406 2113 463 2144 est
491 2119 614 2156 neque
643 2107 765 2143 amori
795 2106 884 2144 dare
914 2105 1044 2143 ludum
1075 2118 1200 2156 neque

139 2171 245 2209 Mala
274 2173 362 2210 vino
391 2172 524 2218 lavere,
549 2178 613 2209 aut
642 2172 850 2208 exanimari
880 2177 1091 2226 metuentes
1150 2155 1179 2208 (i
1216 2168 1223 2190 ²

356 2236 514 2274 Patruae
544 2237 697 2274 verbera
724 2230 887 2284 linguae.
1006 2254 1111 2282 *oe-„a
1135 2235 1167 2277 ,μ’

665 2312 739 2338 G2
1012 2319 1139 2373 ἑ

1297 258 1338 288 30

1297 906 1340 937 40

1296 1550 1338 1581 50

1225 2104 1335 2158 *dulci
