1507 2427
492 97 535 129 H
534 98 626 129 ORA
634 98 710 129 TII
737 97 1010 130 CARMJNUM

467 482 657 524 LIBER
699 481 1052 526 SECUNDUS.

658 657 790 696 ODE
827 657 857 696 Ι.

351 777 506 816 Momm
534 789 581 815 ex
610 777 768 815 Metello
797 777 954 816 consule
983 777 1143 816 civicum

351 841 521 891 Bellique
551 855 684 880 causas
712 850 748 880 et
775 842 862 880 vitia
890 848 928 879 et
955 843 1094 880 modos

405 907 634 956 Luciumque
663 907 853 944 Fortunae
881 919 1091 956 gravesque

456 972 676 1022 Principum
705 972 886 1009 amicitias
915 979 952 1009 et
981 985 1086 1010 arma

351 1036 538 1074 Nondum
567 1037 726 1086 expiatis
755 1044 870 1075 uncta
899 1037 1107 1084 cruoribus,

351 1101 591 1139 Periculosae
620 1102 777 1150 plenum
805 1113 903 1152 opus
932 1102 1048 1148 aleae,

406 1166 578 1212 Tractas,
610 1173 647 1204 et
676 1167 822 1205 incedis
850 1179 918 1216 per
947 1168 1055 1215 ignes

460 1231 690 1280 Suppositos
719 1231 836 1268 cineri
865 1231 1013 1268 doloso.

351 1295 525 1332 Paullum
555 1307 706 1333 severae
736 1295 850 1333 Musa
879 1295 1097 1344 tragoediae

353 1361 462 1398 Desit
491 1360 670 1398 theatris:
711 1371 802 1397 mox
830 1360 895 1397 ubi
924 1360 1097 1409 publicas

406 1425 486 1462 Res
515 1425 708 1470 ordinaris,
738 1424 883 1473 grande
912 1436 1051 1461 munus

461 1489 650 1539 Cecropio
680 1495 828 1538 repetes
858 1480 1057 1534 cothurno,

354 1554 510 1604 Insigne
538 1555 692 1592 maestis
721 1554 951 1602 praesidium
979 1553 1050 1591 reis

353 1619 402 1656 Et
432 1620 656 1665 consulenti,
686 1619 820 1665 Pollio,
851 1619 987 1664 euriae,

408 1683 479 1721 Cui
507 1683 633 1721 laurus
664 1690 838 1721 aeternos
866 1683 1033 1720 honores

460 1749 676 1787 Delmatico
705 1749 853 1798 peperit
880 1748 1084 1797 triumpho.

354 1815 440 1852 Iam
470 1827 573 1852 nunc
602 1814 742 1851 minaci
771 1825 964 1851 murmure
994 1824 1182 1850 cornuum

354 1881 581 1930 Perstringis
611 1893 732 1926 aures,
763 1881 835 1917 iam
866 1880 946 1916 litui
975 1884 1158 1927 strepunt,

407 1946 492 1984 Iam
520 1946 644 1995 fulgor
672 1957 866 1983 armorum
894 1944 1048 1993 fugaces

460 2010 594 2049 Terret
621 2022 741 2060 equos
769 2010 1013 2059 equitumque
1042 2007 1174 2045 voltus.

356 2075 498 2114 Audire
525 2086 688 2124 magnos
717 2075 795 2111 iam
823 2073 952 2111 videor
981 2072 1098 2111 duces

357 2141 449 2179 Non
478 2140 660 2178 indecoro
688 2140 841 2189 pulvere
871 2137 1057 2183 sordidos,

409 2205 460 2243 Et
489 2212 626 2243 cuncta
649 2211 830 2243 terrarum
859 2204 1016 2241 subacta

462 2271 614 2308 Praeter
642 2275 811 2308 atrocem
840 2269 1011 2306 animum
1040 2267 1211 2305 Catonis.

1344 1374 1384 1397 10

1349 2023 1390 2044 20
