1507 2427
143 71 214 115 148

540 74 675 105 ΗΘΚΛ
686 74 760 105 TII
783 74 993 106 EPODON

244 178 406 215 Venena
436 189 622 226 magnum
652 176 707 215 fas
737 176 920 227 nefasque
950 189 1029 215 non
1058 177 1183 215 valent

299 242 531 280 Convertere
561 241 771 278 humanam
800 243 948 288 vicem;

245 308 346 345 Diris
376 319 489 356 agam
518 318 609 352 vos3
649 306 729 344 dira
758 307 959 345 detestatio

300 373 414 409 Nulla
443 372 615 420 expiatur
645 372 806 409 victima.

245 438 362 484 Quin,
394 437 456 473 ubi
486 437 605 485 perire
635 436 758 474 iussus
788 437 1041 485 exspiravero,

300 501 521 539 Nocturnus
551 513 750 539 occurram
778 501 900 539 Furor

245 567 454 616 Petamque
485 566 609 603 voltus
639 567 773 603 umbra
803 567 924 604 curvis
954 566 1157 615 unguibus,

300 632 412 678 Quae
442 632 497 668 vis
526 631 688 669 deorum
717 637 775 668 est
804 632 987 675 manium,

245 698 294 736 Et
323 697 501 747 inquietis
532 697 702 735 assidens
731 696 961 746 praecordiis

300 763 446 800 Pavore
476 774 635 800 somnos
665 761 846 799 auferam.

245 827 328 865 Vos
358 828 468 864 turba
496 827 647 864 vicatim
675 826 764 864 hinc
793 833 829 864 et
858 826 947 864 hinc
977 826 1076 863 saxis
1105 832 1239 875 petens

302 892 523 931 Contundet
552 893 770 929 obscoenas
799 903 918 936 anus;

249 957 341 995 Post
370 957 560 1006 insepulta
587 957 761 994 membra
790 956 966 993 different
995 955 1073 1004 lupi

301 1022 351 1060 Et
379 1022 602 1070 Esquilinae
631 1021 738 1058 alites
754 1034 763 1066 ;

247 1086 383 1135 Neque
412 1085 486 1124 hoc
517 1094 694 1135 parentes
724 1086 798 1123 heu
827 1085 919 1122 mihi
949 1085 1170 1135 superstites

300 1151 487 1200 Effugerit
516 1151 791 1201 spectaculum.

604 1415 829 1454 EPODE
867 1416 934 1453 VI.

249 1533 354 1580 Quin
383 1533 627 1569 immerentes
656 1532 828 1581 hospites
857 1544 971 1569 vexas
1001 1531 1105 1569 canis

301 1599 468 1647 Ignavus
497 1598 698 1635 adversum
727 1597 866 1646 lupos?

248 1663 353 1710 Quin
381 1663 455 1700 huc
484 1663 630 1709 inanes,
660 1663 691 1700 si
720 1668 841 1711 potes,
872 1663 982 1699 vertis
1012 1661 1145 1708 minas,

299 1730 349 1767 Et
377 1741 439 1766 me
469 1740 726 1765 remorsurum
755 1728 881 1777 petis?

246 1794 350 1832 Nam
379 1794 498 1843 qualis
527 1800 591 1830 aut
620 1792 816 1830 Molossus
846 1799 909 1829 aut
938 1792 1058 1830 fulvus
1087 1792 1232 1838 Lacon,

299 1860 436 1897 Amica
463 1859 517 1896 vis
546 1858 774 1907 pastoribus,

247 1926 375 1975 Agam
404 1937 470 1973 per
499 1923 592 1962 altas
622 1936 709 1961 aure
740 1923 886 1960 sublata
918 1923 1035 1968 nives,

302 1989 565 2037 Quaecunque
595 1988 797 2037 praecedet
828 1987 928 2025 fera:

248 2054 323 2099 Tu,
353 2066 440 2091 cum
468 2054 638 2091 timenda
665 2065 759 2090 voce
788 2052 991 2100 complesti
1021 2063 1168 2097 nemus,

302 2119 519 2156 Proiectum
547 2119 718 2156 odoraris
747 2119 884 2155 cibum.

249 2185 363 2229 Cave,
395 2195 508 2221 cave:
547 2195 716 2232 namque
745 2182 783 2219 in
814 2182 935 2220 malos
964 2182 1195 2231 asperrimus

303 2249 439 2286 Parata
468 2248 557 2284 tollo
589 2259 741 2293 cornua,

1349 387 1393 418 90

1349 711 1389 743 95

1331 1034 1393 1056 100
