1507 2427
484 72 579 103 LJB.
599 71 673 103 Ill.
715 71 788 102 OD.
809 71 946 102 XXIV.

310 174 500 213 Immunis
528 186 633 211 aram
663 174 694 211 si
722 174 842 222 tetigit
871 185 1018 218 manus,

310 239 403 277 Non
433 246 656 287 sumptuosa
685 238 858 275 blandior
886 238 1011 275 hostia

364 303 525 341 Mollivit
555 314 710 340 aversos
741 303 904 340 Penates

416 367 530 405 Farre
560 367 624 416 pio
654 373 691 404 et
721 368 878 404 saliente
907 367 1018 404 mica.

562 726 598 765 O
611 726 648 763 D
662 726 695 763 E
733 726 881 765 XXIV.

208 849 390 887 INTAcrrs
419 847 637 897 opulentior

263 913 472 950 Thesauris
501 912 672 949 Arabum
701 918 739 950 et
768 913 890 951 divitis
919 912 1052 951 Indiae

211 977 431 1016 Caementis
460 977 545 1014 licet
574 988 743 1026 occupes

226 1041 504 1091 †Tyrrhenum
534 1053 648 1079 omne
678 1042 749 1079 tuis
778 1048 815 1080 et
843 1055 946 1080 mare
977 1041 1232 1092 †Apulicum,

212 1107 250 1145 Si
280 1107 361 1155 figit
390 1106 657 1144 adamantinos

266 1171 433 1209 Summis
462 1171 663 1208 verticibus
693 1171 773 1209 dira
804 1171 1026 1210 Necessitas

211 1235 361 1281 Clavos,
392 1247 471 1272 non
499 1236 669 1272 animum
698 1243 812 1278 metu,

265 1300 356 1337 Non
385 1301 516 1337 mortis
546 1300 691 1349 laqueis
720 1301 900 1349 expedies
930 1308 1056 1350 caput.

212 1365 457 1414 Campestres
487 1365 623 1402 melius
654 1365 829 1415 Scythae,

264 1429 441 1476 Quorum
470 1430 636 1479 plaustra
664 1443 781 1478 vagas
810 1431 877 1468 rite
906 1431 1057 1468 trahunt
1088 1430 1237 1476 domos,

210 1494 353 1531 Vivunt
382 1501 419 1531 et
446 1494 557 1543 rigidi
586 1494 719 1540 Getae,

265 1559 466 1596 Immetata
495 1560 631 1608 quibus
659 1560 791 1609 iugera
819 1561 956 1599 liberas

210 1623 357 1672 Fruges
380 1630 422 1660 -et
452 1623 629 1661 Cererem
659 1624 795 1672 ferunt,

265 1688 349 1726 Nec
380 1688 525 1726 cultura
553 1689 677 1738 placet
706 1689 855 1739 longior
883 1703 1022 1736 annua,

210 1753 519 1803 Defunctumque
548 1754 741 1792 laboribus

263 1819 425 1869 Aequali
453 1826 597 1856 recreat
626 1826 726 1857 sorte
755 1820 924 1858 vicarius.

210 1883 290 1921 Illic
320 1891 439 1921 matre
468 1885 683 1923 carentibus

265 1948 450 1998 Privignis
479 1949 612 1986 mulier
640 1957 825 1999 temperat
854 1950 1052 1996 innocens,

212 2011 295 2050 Nec
326 2013 457 2051 dotata
485 2014 580 2063 regit
608 2015 730 2052 virum

265 2077 418 2115 Coniux
447 2091 518 2117 nec
548 2079 668 2116 nitido
698 2079 777 2116 fidit
806 2078 987 2117 adultero.

211 2142 294 2180 Dos
324 2151 381 2181 est
410 2156 553 2193 magna
582 2144 796 2193 parentium

263 2207 394 2246 Virtus
422 2215 458 2245 et
488 2215 662 2261 metuens
691 2209 842 2246 alterius
869 2208 935 2244 viri

1312 1446 1350 1468 10
