1507 2427
501 55 665 87 LIBER.
702 54 846 87 EPOD.
868 55 940 86 Ill.

265 161 302 199 Si
331 172 428 209 quos
456 158 549 197 Eois
579 158 751 195 intonata
781 157 956 194 fluctibus

315 226 451 263 Hiems
481 224 529 261 ad
559 223 635 261 hoc
665 229 782 260 vertat
811 235 941 269 mare;

262 290 352 328 Non
383 289 473 326 Afra
503 288 579 325 avis
609 288 816 325 descendat
845 288 883 324 in
914 292 1081 324 ventrem
1112 299 1251 329 meum,

317 354 407 391 Non
438 360 590 402 attagen
620 353 776 390 Ionicus

262 418 479 463 Iucundior,
510 429 625 466 quarn
655 417 753 454 lecta
782 416 829 454 de
860 416 1120 466 pinguissimis

316 483 426 521 Oliva
455 483 569 519 ramis
599 482 777 518 arborum

262 550 339 586 Aut
368 548 485 584 herba
512 546 654 595 lapathi
683 553 791 594 prata
820 546 982 582 amantis
1012 553 1048 583 et
1076 546 1179 595 gravi

317 612 466 649 Malvae
496 612 665 648 salubres
696 612 858 660 corpori,

263 677 335 715 Vel
365 689 464 725 agna
494 676 598 713 festis
628 688 740 713 caesa
770 676 1050 713 Terminalibus

315 741 387 777 Vel
416 740 560 776 haedus
590 747 740 788 ereptus
771 740 876 788 lupo.

263 805 347 843 Has
375 805 470 841 inter
499 804 630 854 epulas
659 811 700 841 ut
727 805 828 842 iuvat
858 812 988 854 pastas
1018 817 1108 843 oves

314 870 454 907 Videre
483 875 731 918 properantes
762 870 932 915 domum,

262 935 402 972 Videre
431 935 553 971 fessos
582 947 775 971 vomerem
805 936 995 972 inversum
1024 937 1142 972 boves

318 1000 430 1037 Collo
461 999 653 1036 trahentes
682 999 877 1048 languido,

262 1066 488 1113 Positosque
519 1076 662 1108 vernas,
695 1064 780 1101 ditis
811 1076 973 1101 examen
1004 1065 1151 1110 domus,

316 1129 469 1166 Circum
500 1127 717 1165 renidentes
747 1128 885 1166 Lares!

263 1194 374 1231 Haec
403 1193 467 1229 ubi
496 1193 644 1229 loeutus
675 1193 864 1230 fenerator
893 1194 1026 1240 Alfius,

316 1260 399 1296 Iam
428 1259 503 1295 iarn
533 1257 679 1295 futurus
709 1259 880 1305 rusticus,

264 1323 432 1363 Omnem
461 1323 607 1371 redegit
636 1323 768 1360 Idibus
799 1326 1013 1372 pecuniam,

315 1388 472 1436 Quaerit
502 1390 687 1428 Kalendis
716 1403 872 1441 ponere.

563 1655 788 1694 EPODE
830 1657 901 1694 III.

262 1774 454 1812 PAREms
483 1771 573 1809 olim
604 1773 633 1809 si
663 1773 746 1821 quis
776 1773 893 1821 impia
922 1785 1038 1811 manu

317 1838 441 1875 Senile
470 1844 597 1886 guttur
626 1837 789 1886 fregerit,

261 1903 350 1941 Edit
379 1903 509 1940 cicutis
539 1902 665 1939 allium
696 1903 907 1940 nocentius.

314 1968 349 2006 O
381 1968 473 2005 dura
502 1979 713 2004 messorum
745 1967 828 2004 ilia!

261 2032 364 2079 Quid
393 2032 466 2069 hoc
496 2031 631 2068 veneni
661 2032 776 2068 saevit
805 2032 843 2068 in
874 2031 1136 2080 praecordiis?

315 2097 419 2133 Num
447 2097 638 2145 viperinus
667 2096 724 2133 his
754 2108 864 2133 cruor

260 2161 443 2199 Incoctus
473 2161 599 2198 herbis
629 2173 690 2198 me
722 2161 875 2199 fefellit?
920 2174 967 2198 an
999 2162 1118 2200 malas

315 2225 485 2264 Canidia·
505 2227 674 2264 tractavit
706 2227 823 2275 dapes
840 2227 852 2262 ?

1277 60 1349 96 143

1312 432 1348 462 55

1313 746 1353 777 60
