1507 2427
525 81 690 112 LIBER.
728 81 873 113 EPOD.
893 81 1016 114 XVII.

206 184 404 222 Germinat
433 191 469 221 et
498 196 696 233 nunquam
730 183 890 221 fallentis
918 191 1056 221 termes
1087 185 1219 231 olivae,

260 249 451 298 Suamque
481 249 583 298 pulla
612 249 705 286 ficus
735 255 844 286 ornat
873 250 1060 295 arborem,

204 314 321 352 Mella
349 327 442 351 cava
471 321 628 351 manant
657 327 704 351 ex
735 314 830 359 ilice,
862 315 1058 353 montibus
1089 315 1171 354 altis

258 379 369 416 Levis
399 385 579 428 crepante
610 378 767 428 lympha
796 379 919 416 desilit
949 380 1059 428 pede.

205 444 285 481 Illic
314 445 478 481 iniussae
507 445 662 481 veniunt
691 443 739 480 ad
768 444 928 481 mulctra
958 445 1137 494 capellae,

260 507 466 558 Refertque
495 515 598 545 tenta
626 521 718 557 grex
749 509 893 545 amicus
922 510 1060 556 ubera3

205 572 288 609 Nec
318 573 551 621 vespertinus
581 573 844 621 circumgemit
873 585 982 610 ursus
1012 574 1120 620 ovile,

259 637 395 686 Neque
425 638 643 674 intumescit
672 638 747 674 alta
776 638 915 687 viperis
945 638 1093 677 humus.

206 701 393 750 Pluraque
423 702 551 739 felices
580 702 826 739 mirabimur:
864 710 905 739 ut
934 715 1058 752 neque
1087 703 1201 753 largis

258 767 437 815 Aquosus
466 766 589 804 Eurus
619 779 707 804 arva
735 767 841 804 radat
871 768 1066 814 imbribus,

205 831 365 880 Pinguia
394 844 465 869 nec
496 832 605 868 siccis
634 839 788 868 urantur
819 833 964 870 semina
992 834 1124 882 glebis,

257 895 472 945 Utrumque
501 909 591 945 rege
620 902 855 945 temperante
886 897 1073 934 caelitum.

205 961 297 998 Non
326 962 400 999 huc
430 963 564 1011 Argoo
595 962 792 1000 contendit
821 963 966 1011 remige
996 965 1120 1012 pinus,

258 1026 394 1075 Neque
423 1027 616 1076 impudica
645 1026 800 1064 Colchis
831 1028 954 1065 intulit
983 1028 1150 1076 pedem3

205 1091 295 1128 Non
326 1092 399 1128 huc
431 1092 575 1128 Sidonii
606 1099 795 1129 torserunt
824 1105 967 1130 cornua
996 1100 1133 1130 nautae

258 1144 468 1193 Laboriosa
497 1169 567 1193 nec
597 1157 736 1194 cohors
765 1157 901 1194 Ulixei.

206 1221 319 1258 Nulla
348 1228 489 1259 nocent
518 1223 649 1270 pecori
679 1224 869 1271 contagia,
899 1223 1036 1261 nullius
1066 1223 1155 1260 astri

258 1285 425 1334 Gregem
454 1294 630 1324 aestuosa
659 1294 775 1324 torret
804 1289 1042 1336 impotentia.

203 1351 374 1400 Iuppiter
402 1352 463 1389 illa
492 1352 577 1401 piae
608 1354 766 1390 secrevit
796 1354 903 1390 litora
931 1354 1046 1401 genti,

257 1416 311 1453 Ut
340 1417 552 1466 inquinavit
582 1431 667 1455 aere
696 1425 850 1468 tempus
881 1431 1060 1465 aureum;

201 1481 311 1526 Aere,
334 1482 471 1519 dehinc
501 1482 598 1520 ferro
629 1483 774 1520 duravit
804 1484 942 1530 secula,
973 1496 1137 1533 quorum

256 1545 331 1583 Piis
361 1546 530 1584 secunda
557 1554 640 1585 vate
670 1561 731 1586 me
762 1548 871 1585 datur
901 1548 1001 1598 fuga.

578 1810 802 1849 EPODE
840 1811 969 1850 XVII.

308 1932 383 1970 IAM
411 1933 487 1970 iam
517 1933 660 1970 efficaci
690 1932 740 1969 do
769 1945 906 1971 manus
936 1933 1127 1980 scientiae,

310 1998 479 2047 Supplex
508 2005 544 2034 et
573 2009 642 2034 oro
671 2010 791 2046 regna
820 2011 886 2047 per
914 1998 1175 2048 Proserpinae,

307 2063 379 2100 Per
407 2071 443 2100 et
471 2063 619 2100 Dianae
649 2075 729 2100 non
759 2063 950 2100 movenda
979 2064 1147 2109 numina,

307 2127 380 2164 Per
409 2135 520 2177 atque
549 2128 666 2164 libros
696 2128 910 2164 carminum
940 2128 1142 2165 valentium

307 2192 442 2230 Refixa
472 2193 578 2247 caelo
609 2192 792 2230 devocare
823 2193 955 2239 sidera,

309 2257 478 2304 Canidia,
508 2270 620 2307 parce
650 2258 806 2295 vocibus
836 2258 992 2296 tandem
1022 2258 1137 2296 Sacris

1361 849 1400 880 55

1362 1163 1405 1194 60
