1507 2427
75 75 99 113 ·1
108 64 158 110 56
483 67 617 98 HORA
629 67 703 97 TII
725 66 936 98 EPODON

135 170 322 218 Quaeque
352 175 481 207 carent
510 169 631 207 ventis
661 176 697 206 et
727 169 870 207 solibus
900 180 989 206 ossa
1019 168 1179 214 Quirini,

188 233 307 271 Nefas
336 234 485 271 videre!
531 234 729 283 dissipabit
757 234 938 271 insolens.

135 299 248 336 Forte
279 298 369 348 quid
399 298 578 347 expediat
607 300 863 336 communiter
891 305 955 338 aut
984 297 1119 335 melior
1147 308 1235 346 pars
1293 311 1331 343 15

190 363 303 400 Malis
333 375 459 400 carere
489 364 669 412 quaeritis
699 364 920 401 laboribus:

136 433 251 470 Nulla
279 434 327 470 sit
354 433 426 470 hac
456 434 582 482 potior
612 434 810 480 sententia,
841 434 1107 471 Phocaeorum

189 499 304 536 Velut
334 498 502 548 profugit
533 506 729 536 exsecrata
757 499 886 536 civitas

136 564 263 612 Agros
293 570 407 613 atque
437 563 554 601 Lares
583 564 726 613 patrios
756 563 1039 612 habitandaque
1070 562 1158 599 fana

190 628 303 677 Apris
331 628 479 678 reliquit
507 636 543 666 et
572 629 774 678 rapacibus
801 629 911 678 lupis,
1296 641 1336 663 20

136 699 197 736 Ire
225 698 344 748 pedes
372 710 606 748 quocunque
637 699 768 745 ferent,
798 711 1031 749 quocunque
1061 710 1129 747 per
1158 697 1281 735 undas

191 763 319 801 Notus
347 765 498 801 vocabit
528 772 592 802 aut
621 771 816 814 protervus
846 764 1009 801 Africus.

139 828 201 866 Sic
222 828 371 877 placet?
411 841 460 866 an
488 829 623 866 melius
654 830 738 878 quis
767 830 883 866 habet
914 829 1073 866 suadere
1091 826 1338 865 ?——-Sec'unda

193 893 332 930 Ratem
362 905 551 943 occupare
581 895 673 942 quid
701 906 897 932 moramur
927 893 1042 931 alite?

140 963 216 1001 Sed
244 964 409 1001 iuremus
438 964 477 1000 in
507 965 623 1002 haec:
665 964 786 1001 Simul
815 965 899 1001 imis
929 976 1017 1001 saxa
1050 963 1215 1000 renarint
1300 977 1335 1008 25

192 1029 312 1066 Vadis
341 1029 473 1073 levata,
504 1042 552 1066 ne
582 1030 703 1066 redire
734 1030 780 1066 sit
810 1029 917 1066 nefas
934 1042 942 1075 ;

139 1093 226 1131 Neu
257 1106 443 1131 conversa
474 1094 633 1131 domum
663 1095 792 1143 pigeat
824 1094 913 1132 dare
943 1094 1070 1140 lintea,
1103 1092 1258 1142 quando

193 1159 320 1196 Padus
351 1159 498 1196 Matina
528 1159 657 1196 laverit
686 1160 898 1205 cacumina,

140 1231 186 1267 In
217 1242 320 1267 mare
350 1242 417 1266 seu
446 1230 569 1266 celsus
598 1230 827 1278 procurrerit
856 1228 1095 1278 Apenninus,

195 1293 382 1343 Novaque
412 1301 585 1330 monstra
613 1294 776 1330 iunxerit
805 1293 958 1330 libidine
1300 1306 1341 1336 30

142 1359 262 1396 Mirus
292 1371 410 1404 amor,
441 1359 542 1395 iuvet
569 1366 609 1395 ut
639 1359 752 1407 tigres
783 1359 978 1396 subsidere
1009 1358 1139 1403 cervis,

194 1424 440 1461 Adulteretur
471 1430 506 1460 et
537 1424 714 1460 columba
743 1424 872 1469 miluo,

143 1494 306 1532 Credula
335 1507 406 1531 nec
436 1506 546 1531 ravos
576 1494 734 1531 timeant
763 1501 934 1531 armenta
964 1494 1106 1539 leoneS‚

195 1561 385 1608 Ametque
416 1559 514 1596 salsa
541 1559 633 1596 levis
662 1559 789 1596 hircus
819 1572 996 1607 aequora.

141 1625 265 1669 Haec,
295 1631 331 1662 et
360 1637 458 1673 quae
489 1631 667 1673 poterunt
696 1625 836 1662 reditus
867 1624 1093 1662 abscindere
1124 1623 1264 1669 dulces,
1301 1639 1339 1670 35

194 1690 338 1726 Eamus
368 1690 494 1726 omnis
524 1696 720 1726 exsecrata
750 1690 891 1735 civitas,

141 1763 218 1799 Aut
248 1774 334 1810 pars
363 1760 520 1797 indocili
550 1760 686 1797 melior
715 1773 857 1809 grege3
898 1759 1025 1798 mollis
1055 1767 1091 1798 et
1121 1772 1260 1809 exspes

196 1826 416 1863 Inominata
444 1825 651 1874 perprimat
680 1826 844 1862 cubilia!

141 1892 236 1935 Vos,
267 1891 404 1939 quibus
433 1897 489 1926 est
519 1891 643 1935 virtus,
675 1890 899 1927 muliebrem
930 1889 1045 1927 tollite
1075 1889 1220 1927 luctum

196 1956 359 1993 Etrusca
388 1963 537 2005 praeter
565 1961 601 1992 et
631 1956 754 1992 volate
784 1955 902 1992 litora.
1301 1969 1344 2000 40

143 2028 226 2065 Nos
254 2034 383 2064 manet
414 2026 593 2065 Oceanus
624 2028 912 2075 circumvagus:
955 2038 1054 2071 arva,
1085 2026 1197 2062 beata

197 2094 375 2130 Petamus
406 2105 493 2130 arva
523 2092 654 2129 divites
684 2099 721 2129 et
750 2092 904 2137 insulas,

144 2158 287 2195 Reddit
314 2158 380 2194 ubi
410 2157 588 2195 Cererem
618 2157 726 2194 tellus
757 2157 900 2193 inarata
929 2155 1134 2206 quotannis

197 2223 244 2260 Et
275 2223 459 2272 imputata
488 2223 597 2260 floret
627 2234 747 2272 usque
778 2222 898 2267 vinea,
