1507 2427
510 97 605 130 LIB.
626 98 676 130 ΙΙ.
719 98 792 130 OD.
820 98 876 129 VI.

226 200 355 247 Quem
385 201 416 238 si
445 201 655 249 puellarum
685 202 871 240 insereres
900 201 1031 248 choro,

226 265 324 302 Mire
355 277 513 313 sagaces
542 265 681 303 falleret
709 267 877 316 hospites

279 329 496 366 Discrimen
527 331 734 368 obscurum
763 331 894 369 solutis

333 392 512 431 Crinibus
541 395 799 444 ambiguoque
827 396 939 433 voltu.

565 660 698 699 ODE
735 662 803 699 VI.

227 781 397 827 SEPTIMI,
427 780 557 818 Gades
587 780 729 818 aditure
757 793 909 818 mecum
938 787 975 818 et

227 845 460 883 Cantabrum
489 845 685 882 indoctum
715 846 802 894 iuga
830 845 926 883 ferre
956 851 1083 882 nostra
1112 849 1148 881 et

226 909 410 947 Barbaras
442 909 580 958 Syrtes,
610 910 675 947 ubi
704 910 841 947 Maura
869 921 1020 959 semper

439 975 599 1011 Aestuat
626 975 752 1021 unda;

226 1039 347 1076 Tibur
376 1039 506 1088 Argeo
535 1039 705 1088 positum
734 1039 875 1077 colono

229 1103 283 1140 Sit
311 1116 419 1141 meae
450 1104 560 1141 sedes
590 1105 734 1140 utinam
764 1110 950 1147 senectae,

226 1168 280 1205 Sit
307 1168 445 1204 modus
474 1168 574 1205 lasso
604 1168 719 1205 maris
747 1175 784 1205 et
813 1168 958 1204 viarum

440 1231 672 1281 Militiaeque
690 1233 698 1268 1

226 1296 341 1333 Unde
371 1297 401 1333 si
430 1295 571 1333 Parcae
601 1297 806 1344 prohibent
834 1296 995 1344 iniquae,

226 1360 349 1397 Dulce
378 1360 512 1409 pellitis
541 1361 674 1398 ovibus
705 1360 857 1398 Galaesi

226 1425 389 1463 Flumen
418 1432 454 1463 et
483 1433 641 1474 regnata
668 1432 796 1474 petam
825 1424 970 1462 Laconi

440 1490 545 1527 Rura
574 1489 795 1527 Phalantho.

226 1554 293 1592 Ille
323 1561 503 1591 terrarum
533 1554 625 1591 mihi
655 1560 803 1604 praeter
831 1564 967 1590 omnes

226 1619 402 1667 Angulus
432 1618 538 1663 ridet,
569 1619 632 1655 ubi
663 1630 742 1655 non
772 1617 957 1666 Hymetto

227 1683 345 1720 Mella
374 1683 563 1720 decedunt
591 1682 774 1730 viridique
804 1688 921 1718 certat

441 1746 544 1784 Baca
573 1746 766 1792 Venafro;

226 1811 304 1848 Ver
333 1812 398 1848 ubi
427 1811 589 1860 longum
619 1811 842 1860 tepidasque
870 1810 1026 1858 praebet
1075 1816 1080 1819 '

225 1876 397 1925 Iuppiter
425 1877 591 1921 brumas,
619 1882 655 1913 et
685 1876 827 1912 amicus
856 1874 984 1910 Aulon

224 1941 352 1978 Fertili
380 1941 535 1978 Baccho
565 1941 766 1977 minimum
796 1939 965 1976 Falernis

440 2005 589 2042 Invidet
618 2006 710 2042 uvis.

227 2069 294 2106 Ille
323 2077 359 2107 te
389 2083 542 2108 mecum
572 2071 679 2107 locus
709 2076 744 2106 et
773 2070 906 2105 beatae

227 2134 424 2171 Postulant
454 2147 559 2172 arces
574 2148 584 2181 3
624 2135 675 2171 ibi
703 2141 742 2171 tu
772 2133 957 2170 calentem

227 2198 368 2236 Debita
398 2211 555 2248 sparges
585 2199 738 2236 lacrima
767 2197 928 2234 favillam

441 2262 550 2301 Vatis
580 2264 701 2300 amici.

655 2339 678 2364 E
703 2338 721 2362 2

1262 105 1307 141 51

1277 1373 1313 1394 10

1276 2015 1315 2036 20
