1507 2427
143 71 190 106 92

497 65 632 97 HORA
640 65 717 96 TII
742 65 1016 98 CARMINUM

618 253 655 292 O
668 254 705 291 D
717 253 751 290 E
791 253 920 292 XXII.

359 374 556 413 Momm
586 381 715 412 custos
743 387 1034 424 nemorumque,
1065 374 1200 425 Virgo,

358 439 469 485 Quae
498 439 714 476 laborantes
739 446 848 477 utero
877 440 1024 489 puellas

358 503 437 541 Ter
466 510 600 541 vocata
630 504 738 542 audis
769 504 980 560 adiQiEQss
1008 505 1097 552 leto,
1120 510 1158 570 Ξ
1180 491 1223 532 =‹·''
1253 536 1276 567 ἔ

1120 558 1227 576 „amu
1329 556 1361 568 «κ

518 568 617 605 Diva
645 568 838 615 triformis,

360 633 572 670 Imminens
601 633 709 670 villae
740 640 803 670 tua
832 633 945 682 pinus
974 640 1070 679 esto,

361 697 490 743 Quam
519 710 587 747 per
615 706 771 736 exactos
802 711 875 747 ego
904 699 1024 736 laetus
1054 711 1178 738 annos

360 762 489 800 Verris
519 763 717 812 obliquum
747 763 964 801 meditantis
994 763 1115 801 ictum

522 826 720 876 Sanguine
749 827 901 865 donem.

611 1141 648 1182 O
661 1143 698 1181 D
711 1143 745 1180 E
783 1143 937 1181 XXIII.

361 1264 496 1302 CAELo
526 1263 682 1312 supinas
713 1263 743 1300 si
772 1263 901 1300 tuleris
930 1275 1068 1302 manus

362 1329 555 1366 Nascente
586 1327 708 1372 Luna,
738 1328 876 1364 rustica
906 1326 1076 1376 Phidyle,

417 1393 454 1430 Si
483 1392 591 1430 thure
620 1392 781 1441 placaris
811 1399 848 1428 et
877 1391 1001 1428 horna

469 1458 595 1507 Fruge
624 1457 743 1494 Lares
772 1457 958 1506 avidaque
990 1469 1122 1506 porca,

363 1523 447 1561 Nec
476 1523 714 1572 pestilentem
745 1523 881 1559 sentiet
911 1521 1083 1558 Africum

364 1588 546 1626 Fecunda
575 1588 658 1625 vitis
688 1599 759 1624 nec
789 1586 952 1623 sterilem
981 1598 1091 1634 seges

421 1653 657 1701 Robiginem
687 1659 751 1689 aut
782 1652 912 1689 dulces
941 1651 1084 1688 alumni

471 1717 664 1755 Pomifero
695 1729 808 1765 grave
837 1723 991 1765 tempus
1018 1727 1131 1753 anno.

365 1783 468 1820 Nam
497 1795 596 1832 quae
625 1782 739 1818 nivali
768 1782 936 1830 pascitur
965 1780 1105 1829 Algido

364 1848 511 1885 Devota
543 1859 705 1896 quercus
735 1848 832 1884 inter
861 1854 897 1884 et
926 1846 1030 1883 ilices

421 1913 499 1950 Aut
528 1912 663 1949 crescit
693 1912 853 1949 Albanis
882 1911 921 1948 in
950 1910 1077 1948 herbis

471 1976 638 2014 Victima
669 1976 895 2024 pontificum
927 1987 1079 2013 secures

368 2042 523 2080 Cervice
552 2041 695 2090 tinget:
735 2046 773 2077 te
803 2040 895 2076 nihil
923 2041 1056 2077 attinet

370 2108 538 2145 Tentare
563 2107 689 2145 multa
720 2106 836 2143 caede
868 2105 1081 2143 bidentium

422 2173 565 2210 Parvos
596 2178 847 2209 coronantem
876 2170 1025 2206 marino

477 2237 579 2274 Rore
610 2237 703 2274 deos
733 2236 930 2285 fragilique
959 2240 1093 2284 myrto.

1364 1859 1404 1882 10
