1507 2427
480 58 575 89 LIB.
596 57 626 89 J.
677 56 750 87 OD.
775 56 835 86 IV.

197 161 334 206 Maior,
363 160 492 198 tollere
522 171 589 196 seu
617 170 761 208 ponere
790 157 866 195 volt
895 157 997 194 freta.

304 226 432 273 Quem
462 225 598 262 Mortis
628 224 753 261 timuit
783 222 954 272 gradum,

199 290 275 338 Qui
306 291 414 328 siccis
444 289 562 328 oculis
592 294 764 325 monstra
792 288 972 332 natantia,

304 355 381 403 Qui
409 355 498 392 vidit
527 365 631 390 mare
660 353 851 401 turgidum
881 359 918 389 et

198 421 366 458 Infames
397 419 577 468 scopulos
607 417 921 455 Acroceraunia?

307 485 576 534 Nequicquam
607 483 702 520 deus
732 481 891 519 abscidit

200 550 372 588 Prudens
401 549 562 586 Oceano
592 547 823 585 dissociabili

307 615 456 658 Terras,
488 614 518 650 si
547 619 676 649 tamen
704 611 844 659 impiae

201 679 293 717 Non
323 678 517 727 tangenda
546 684 644 714 rates
674 676 888 713 transiliunt
917 675 1024 713 vada.

308 744 448 781 Audax
478 743 607 780 omnia
635 741 781 790 perpeti

202 808 308 847 Gens
336 809 504 845 humana
533 808 604 844 ruit
633 819 698 856 per
727 805 883 842 vetitum
912 804 1033 843 nefas.

309 873 447 910 Audax
478 872 602 921 Iapeti
629 883 751 920 genus

204 938 340 987 Ignem
369 938 499 975 fraude
528 936 628 973 mala
657 935 836 985 gentibus
866 934 999 972 intulit.

309 1002 401 1040 Post
431 1003 560 1053 ignem
590 1001 755 1038 aetheria
785 1000 901 1037 domo

205 1052 443 1104 Subducturfi
471 1067 611 1103 macies
641 1072 677 1102 et
705 1076 805 1101 nova
833 1064 994 1102 febrium

311 1132 440 1182 Terris
469 1131 637 1167 incubuit
667 1129 819 1174 cohors,

206 1195 423 1244 Semotique
450 1196 550 1246 prius
580 1194 685 1232 tarda
714 1194 919 1231 necessitas

310 1259 393 1297 Leti
423 1259 600 1307 corripuit
628 1258 801 1307 gradum.

203 1324 390 1373 Expertus
419 1336 582 1361 vacuum
611 1322 805 1360 Daedalus
834 1327 922 1360 aera

312 1389 452 1426 Pennis
482 1400 561 1425 non
590 1387 736 1425 homini
767 1388 862 1424 datis
878 1401 887 1433 ;

206 1453 376 1502 Perrupit
404 1452 625 1490 Acheronta
654 1450 867 1489 Herculeus
897 1452 1016 1490 labor.

312 1518 376 1555 Nil
403 1517 626 1554 mortalibus
655 1517 762 1554 ardui
792 1524 871 1564 est;

205 1582 364 1620 Caelum
392 1583 516 1631 ipsum
546 1582 709 1630 petimus
739 1582 891 1619 stultitia
921 1594 1044 1632 neque

314 1647 384 1684 Per
412 1654 584 1684 nostrum
614 1648 778 1695 patimur
807 1648 931 1686 scelus

206 1711 394 1749 Iracunda
423 1712 553 1749 Iovem
581 1723 726 1760 ponere
755 1711 924 1749 fulmina.

544 1926 676 1965 ODE
715 1927 783 1966 IV.

47 2019 242 2058 SOLvaR
271 2020 366 2057 acris
394 2019 516 2057 hiems
545 2026 652 2069 grata
679 2020 759 2057 vice
788 2020 884 2057 veris
912 2026 949 2057 et
978 2019 1131 2065 Favoni,

205 2085 455 2134 Trahuntque
485 2086 603 2122 siccas
631 2084 832 2122 machinae
862 2085 1031 2130 carinas;

45 2148 103 2186 Ac
132 2161 255 2197 neque
284 2149 358 2186 iam
388 2149 542 2186 stabulis
571 2148 710 2198 gaudet
737 2161 854 2198 pecus
883 2155 947 2186 aut
975 2156 1098 2186 arator
1127 2149 1213 2198 igni,

206 2213 288 2251 Nec
316 2220 423 2262 prata
451 2214 555 2251 canis
584 2214 749 2251 albicant
778 2214 931 2263 pruinis.

645 2291 668 2318 c

1245 431 1284 453 20

1245 1401 1282 1432 35

1243 1725 1284 1756 40
