1507 2427
99 34 146 74 16

454 44 499 75 H
497 44 589 76 ORA
598 45 675 77 TII
702 45 759 77 CA
762 43 901 78 RMJN
901 47 976 78 UM

257 146 343 186 Sive
371 154 515 187 mutata
542 149 716 187 iuvenem
748 150 868 200 figura

257 213 348 250 Ales
377 214 415 250 in
446 214 552 251 terris
581 215 736 252 imitaris
767 216 891 255 almae

257 278 373 316 Filius
402 278 538 325 Maiae,
571 280 719 328 patiens
749 280 876 318 vocari

255 380 266 397 s
415 342 589 380 Caesaris
618 344 739 381 ultor:

222 398 370 446 sSerus
400 409 439 445 in
469 408 618 445 caelum
648 409 782 446 redeas
813 409 954 460 diuque

255 472 396 510 Laetus
425 473 574 510 intersis
605 473 749 522 populo
780 473 945 522 Quirini,

255 536 362 574 Neve
392 544 427 574 te
457 538 595 574 nostris
625 538 722 575 vitiis
753 538 928 588 iniquum

418 602 539 640 Ocior
568 615 660 640 aura

190 680 199 688 ·
255 667 406 713 Tollat;
447 667 508 704 hie
538 679 702 715 magnos
732 668 860 717 potius
890 668 1118 718 triumphos,

256 732 333 769 Hic
363 744 469 769 ames
499 732 572 769 dici
602 740 708 781 pater
737 741 852 782 atque
882 734 1076 783 princeps,

255 796 341 834 Neu
371 798 473 835 sinas
504 797 644 835 Medos
675 799 843 846 equitare
868 799 1023 845 inultos,

417 862 477 899 Te
507 862 615 907 duce,
648 861 802 901 Caesar.

600 1198 634 1237 O
649 1199 684 1236 D
698 1197 759 1236 E·
770 1199 843 1238 III.

366 1324 429 1364 Sic
458 1331 492 1362 te
522 1323 607 1362 diva
636 1332 773 1374 potens
803 1324 930 1374 Cypri,

259 1389 319 1428 Sic
347 1390 478 1428 fratres
509 1391 691 1435 Helenae,
721 1390 847 1426 lueida
876 1390 1012 1436 sidera,

364 1456 653 1505 Ventorumque
682 1463 789 1504 regat
819 1463 925 1505 pater

257 1519 457 1559 Obstrieris
488 1522 568 1558 aliis
598 1528 747 1569 praeter
777 1521 935 1569 Iapyga,

363 1586 492 1630 Navis,
523 1599 619 1635 quae
649 1587 715 1623 tibi
746 1586 931 1623 creditum

252 1649 383 1690 Debes
411 1652 623 1701 Virgilium,
654 1652 792 1690 finibus
822 1651 956 1689 Atticis

363 1717 518 1755 Reddas
548 1718 792 1762 incolumem,
824 1729 972 1766 precor,

253 1781 304 1820 Et
333 1795 458 1821 serves
489 1784 638 1820 animae
668 1783 867 1819 dimidium
897 1794 1018 1819 meae.

364 1848 421 1885 Illi
451 1849 565 1885 robur
596 1854 632 1885 et
661 1860 726 1885 aes
758 1847 893 1897 triplex

253 1911 365 1951 Circa
394 1920 526 1962 pectus
556 1920 645 1959 erat,
678 1914 743 1961 qui
775 1913 944 1962 fragilem
973 1911 1067 1949 truci

362 1977 565 2016 Commisit
594 1978 731 2026 pelago
761 1986 880 2014 ratem

253 2043 401 2080 Primus
430 2055 501 2080 nee
530 2043 652 2079 timuit
681 2043 930 2092 praecipitem
960 2041 1134 2079 Africum

360 2108 631 2146 Decertantem
661 2107 917 2157 Aquilonibus

254 2173 339 2212 Nec
368 2174 490 2211 tristes
521 2172 683 2222 Hyadas
711 2185 783 2210 nec
811 2172 960 2209 rabiem
989 2170 1095 2218 Noti,

361 2238 452 2286 Quo
481 2250 561 2276 non
591 2239 728 2276 arbiter
759 2236 931 2274 Hadriae

1311 427 1352 460 45

1308 749 1351 782 50

1306 1927 1346 1950 10

1305 2252 1343 2285 15
