1507 2427
519 67 614 100 LIB.
632 67 698 99 IV.
741 67 814 99 OD.
836 67 903 101 IV.

242 169 494 219 Qui-primus
523 169 624 206 alma
652 168 731 206 risit
759 169 909 214 adorea,

242 234 357 271 Dirus
386 246 455 283 per
483 235 596 271 urbes
623 232 718 271 Afer
746 239 787 270 ut
817 232 932 270 Italas

297 299 378 337 Ceu
407 299 563 335 flamma
591 310 658 347 per
687 298 818 335 taedas
847 298 904 335 vel
937 297 1061 335 Eurus

352 363 424 401 Per
455 363 600 401 Siculas
629 363 807 412 equitavit
836 363 970 400 undas.

242 434 333 472 Post
361 435 435 472 hoc
466 434 643 472 secundis
672 447 793 484 usque
823 434 1015 472 laboribus

243 499 421 537 Romana
450 500 571 548 pubes
602 500 725 545 crevit,
757 506 794 536 et
823 500 940 548 impio

294 564 330 600 V
333 571 451 601 astata
479 564 698 601 Poenorum
727 565 889 602 tumultu

349 629 456 667 Fana
485 629 579 667 deos
609 630 776 667 habuere
805 637 941 676 rectos,

241 700 423 749 Dixitque
450 700 606 737 tandem
636 700 803 749 perfidus
833 700 1058 739 Hannibal:

242 766 362 811 Cervi,
393 766 569 814 luporum
598 766 741 815 praeda
769 766 973 814 rapacium,

297 832 493 869 Sectamur
520 831 631 876 ultro,
662 843 760 880 quos
791 833 943 880 opimus

350 895 495 932 Fallere
524 901 561 932 et
589 895 758 944 effugere
787 902 844 933 est
872 895 1096 945 triumphus.

243 966 361 1011 Gens,
391 978 488 1016 quae
525 973 693 1004 cremato
722 966 830 1004 fortis
859 968 907 1004 ab
937 967 1006 1004 Ilio

242 1031 388 1069 lactata
417 1031 557 1068 Tuscis
587 1031 817 1080 aequoribus
848 1044 955 1070 sacra

297 1096 496 1145 Natosque
525 1102 772 1146 maturosque
800 1103 927 1145 patres

350 1160 506 1198 Pertulit
534 1160 729 1198 Ausonias
759 1161 806 1199 ad
835 1163 960 1208 urbes,
1010 1165 1012 1169 “

243 1231 357 1268 Duris
385 1236 426 1267 ut
454 1230 528 1267 ilex
556 1236 669 1267 tonsa
697 1231 930 1280 bipennibus

244 1295 387 1344 Nigrae
416 1294 529 1332 feraci
558 1294 703 1332 frondis
732 1295 771 1332 in
800 1296 956 1345 Algido,

297 1360 368 1397 Per
397 1361 547 1406 damna,
577 1373 645 1409 per
674 1360 821 1407 caedes,
853 1362 901 1398 ab
930 1362 1015 1410 ipso

349 1425 467 1463 Ducit
496 1437 590 1474 opes
620 1425 868 1475 animumque
898 1426 1007 1463 ferro.

249 1496 341 1534 Non
370 1496 491 1546 hydra
520 1502 625 1533 secto
656 1507 817 1545 corpore
847 1497 989 1534 firmior

245 1561 358 1599 Vinci
387 1561 579 1598 dolentem
608 1561 722 1598 crevit
750 1561 788 1597 in
819 1560 1041 1608 Herculem,

298 1625 563 1663 Monstrumve
593 1626 802 1663 submisere
833 1625 969 1664 Colchi

354 1692 479 1729 Maius
508 1691 766 1729 Echioniaeve
796 1692 967 1730 Thebae.

245 1762 393 1801 Merses
421 1763 638 1812 profundo:
676 1763 869 1812 pulchrior
899 1763 1048 1802 evenit:

245 1827 433 1866 Luctere:
473 1827 593 1864 multa
621 1835 776 1876 proruet
801 1828 991 1877 integrum

301 1893 400 1931 Cum
429 1893 538 1931 laude
568 1894 749 1930 victorem
777 1899 959 1942 geretque

354 1958 501 1996 Proelia
530 1958 758 2007 coniugibus
788 1958 994 2007 loquenda.

246 2029 477 2078 Karthagini
506 2030 580 2066 iam
610 2040 689 2066 non
718 2041 792 2078 ego
823 2029 977 2066 nuntios

249 2092 400 2131 Mittam
429 2095 636 2143 superbos:
677 2094 828 2139 oceidit,
858 2093 998 2131 occidit

303 2158 400 2209 Spes
429 2159 555 2196 omnis
584 2164 621 2195 et
649 2157 799 2195 fortuna
828 2158 947 2195 nostri

357 2223 536 2263 Nominis
565 2223 807 2260 Hasdrubale
835 2223 1072 2271 interempto.

676 2298 690 2323 1
713 2298 730 2323 2

1258 69 1329 107 115

1287 447 1328 478 45

1289 779 1330 808 50

1290 1109 1330 1140 55

1293 1431 1335 1463 60
