1507 2427
143 73 213 97 122

503 69 637 101 ΗΘΚΛ
648 70 721 101 TII
748 71 1025 105 CARMJNUM

351 170 491 208 Vixere
521 171 635 209 fortes
665 178 752 210 ante
782 172 1080 222 Agamemnona

351 234 462 272 Multi
477 248 487 282 ;
526 236 593 273 sed
622 249 757 274 omnes
786 238 1061 277 illacrimabiles

403 300 598 350 Urgentur
626 302 824 352 ignotique
854 304 971 353 longa

456 365 593 412 Nocte,
623 374 751 405 carent
780 369 867 418 quia
895 376 979 406 vate
1009 381 1130 408 sacro.

349 430 522 469 Paullum
552 433 721 481 sepultae
750 433 861 471 distat
889 434 1045 472 inertiae

351 495 484 534 Celata
513 498 636 535 virtus.
695 497 786 535 Non
816 511 890 548 ego
920 506 957 537 te
985 499 1082 537 meis

403 562 552 601 Chartis
582 565 799 601 inornatum
829 567 958 610 silebo,

456 628 581 666 Totve
608 636 696 667 -tuos
724 631 844 678 patiar
871 631 1022 668 labores

350 692 524 742 Impune,
554 694 664 739 Lolli,
693 707 847 743 carpere
876 696 1005 733 lividas

351 758 583 797 Obliviones.
638 758 708 797 Est
736 761 884 798 animus
914 761 979 797 tibi

402 823 622 873 Rerumque
653 826 818 874 prudens
848 833 884 862 et
914 825 1090 863 secundis

454 889 714 939 Temporibus
745 891 943 939 dubiisque
972 898 1105 936 rectus,

347 953 500 992 Vindex
530 968 662 993 avarae
693 955 832 992 fraudis
862 962 899 992 et
926 956 1122 993 abstinens

346 1018 531 1058 Ducentis
561 1021 610 1058 ad
639 1033 679 1058 se
710 1026 847 1058 cuncta
875 1021 1069 1070 pecuniae,

401 1085 623 1135 Consulque
653 1098 733 1123 non
760 1086 873 1123 unius
902 1086 1004 1130 anni,

455 1150 532 1188 Sed
561 1151 712 1200 quoties
740 1152 867 1188 bonus
897 1157 1009 1198 atque
1039 1148 1136 1186 fidus

345 1214 467 1252 Iudex
496 1215 701 1253 honestum
730 1215 905 1264 praetulit
934 1215 1023 1260 utili,

347 1279 495 1317 Reiecit
524 1281 600 1317 alto
632 1280 735 1317 dona
764 1280 986 1317 nocentium

397 1344 527 1391 Voltu‚
556 1357 624 1394 per
652 1346 843 1382 obstantes
874 1351 1043 1382 catervas

450 1410 644 1459 Explicuit
674 1422 742 1447 sua
770 1410 890 1446 victor
919 1422 1034 1447 arma.

343 1473 436 1512 Non
464 1475 726 1524 possidentem
754 1474 873 1511 multa
901 1475 1094 1512 vocaveris

342 1539 463 1578 Recte
492 1541 669 1577 beatum:
710 1541 848 1577 rectius
878 1546 1042 1588 occupat

394 1604 550 1642 Nomen
578 1605 690 1650 beati,
721 1605 785 1654 qui
815 1604 974 1642 deorum

448 1669 673 1707 Muneribus
703 1670 891 1718 sapienter
920 1670 972 1706 uti

338 1734 561 1784 Duramque
590 1735 698 1772 callet
727 1734 949 1783 pauperiem
979 1735 1055 1784 pati

338 1800 527 1848 Peiusque
556 1799 631 1837 leto
661 1799 845 1847 flagitium
874 1799 989 1845 timet,

394 1864 487 1902 Non
514 1864 575 1902 ille
603 1876 673 1913 pro
703 1864 797 1901 caris
827 1864 958 1901 amicis

444 1929 522 1967 Aut
550 1929 672 1979 patria
700 1928 851 1966 timidus
880 1929 1011 1978 perire.

1344 191 1382 225 25

1342 514 1384 547 30

1340 841 1381 872 35

1338 1164 1382 1198 40

1335 1492 1376 1525 45

1332 1815 1375 1849 50
