1507 2427
84 74 154 119 158

468 78 603 111 HORA
612 80 688 111 TII
711 80 921 113 EPODON

243 182 448 231 Citumque
477 189 578 220 retro
609 183 725 229 solve,
756 185 859 222 solve
889 185 1089 223 turbinem.

241 246 365 284 Movit
394 253 575 296 nepotem
605 247 800 297 Telephus
829 249 1025 295 Nere‘i'um,

238 313 284 349 In
315 325 429 362 quem
459 315 644 362 superbus
675 314 868 352 ordinarat
898 316 1054 364 agmina

241 377 445 426 Mysorum
475 384 511 414 et
541 379 579 415 in
609 391 724 427 quem
754 379 829 417 tela
857 387 969 417 acuta
998 387 1173 418 torserat.

241 442 396 480 Unxere
426 450 567 480 matres
597 443 689 480 Iliae
719 445 913 481 addictum
944 444 1031 482 feris

240 507 402 544 Alitibus
432 514 546 556 atque
577 509 735 545 canibus
764 508 1000 545 homicidam
1031 501 1253 556 Hectoiem,

240 572 452 621 Postquam
482 573 621 610 relictis
650 573 853 610 moenibus
881 586 947 610 rex
976 574 1136 623 procidit

242 637 332 675 Heu
361 639 567 687 pervicacis
598 638 647 675 ad
675 638 792 687 pedes
822 638 996 675 Achilles.

242 701 377 740 Setosa
407 704 509 740 duris
540 715 678 740 exuere
707 702 868 751 pellibus

239 766 441 805 Laboriosi
470 768 633 816 remiges
662 767 792 804 Ulixei·

240 831 404 870 Volente
435 833 546 871 Circa
575 834 768 879 membra;
809 840 900 870 tunc
929 846 1038 871 mens
1067 841 1104 872 et
1134 846 1251 872 sonus

242 897 431 947 Relapsus
460 905 573 947 atque
602 905 717 936 notus
747 898 784 934 in
811 898 934 935 voltus
965 899 1100 935 honor.

240 961 341 999 Dedi
371 962 462 1001 satis
493 975 680 1012 superque
710 975 923 1012 poenarum
954 963 1029 1009 tibi,

242 1028 383 1065 Amata
411 1028 536 1065 nautis
565 1027 727 1064 multum
758 1034 793 1064 et
822 1028 1066 1065 institoribus.

242 1091 355 1140 Fugit
385 1093 557 1130 iuventas
587 1100 623 1130 et
652 1092 888 1130 verecundus
918 1093 1024 1130 color

243 1156 409 1206 Reliquit
439 1169 529 1194 ossa
558 1157 656 1206 pelle
687 1158 826 1195 amicta
855 1157 996 1204 lurida;

241 1222 339 1259 Tuis
369 1222 524 1271 capillus
554 1223 661 1259 albus
693 1229 748 1259 est
779 1223 985 1269 odoribus;

242 1287 399 1324 Nullum
431 1289 477 1324 ab
507 1288 636 1325 labore
666 1300 728 1325 me
758 1288 915 1325 reclinat
945 1289 1089 1335 otium3

242 1352 365 1402 Urget
396 1353 495 1390 diem
526 1365 603 1390 nox
634 1360 670 1390 et
700 1353 780 1391 dies
811 1360 975 1399 noctem,
1007 1366 1130 1403 neque
1160 1362 1216 1392 est

242 1418 387 1456 Levare
417 1426 521 1456 tenta
551 1419 682 1468 spiritu
711 1419 944 1468 praecordia.

240 1483 344 1533 Ergo
375 1491 556 1534 negatum
586 1484 717 1521 vincor
747 1490 785 1520 ut
815 1483 967 1520 credam
996 1483 1121 1530 miser,

244 1548 394 1586 Sabella
422 1556 555 1598 pectus
585 1550 781 1597 increpare
812 1548 979 1585 carmina

243 1613 446 1663 Caputque
476 1615 606 1652 Marsa
637 1615 794 1652 dissilire
823 1614 946 1651 nenia.

243 1678 348 1724 Quid
378 1679 540 1728 amplius
571 1679 655 1716 vis?
704 1679 739 1717 O
771 1691 887 1723 mare,
918 1690 941 1715 o
971 1685 1081 1724 terra,
1112 1677 1240 1723 ardeo,
1296 1694 1308 1704 ο

242 1743 441 1789 Quantum
470 1756 594 1793 neque
625 1750 706 1781 atro
737 1743 923 1781 delibutus
954 1743 1140 1781 Hercules

242 1808 357 1846 Nessi
387 1822 530 1855 cruore,
562 1821 633 1846 nec
665 1809 802 1846 Sicana
831 1808 972 1846 fervida

241 1874 379 1911 Virens
408 1875 446 1911 in
475 1875 601 1911 Aetna
631 1874 786 1911 flamma
802 1887 812 1920 3
851 1880 901 1919 tu,
934 1873 1058 1911 donec
1087 1873 1182 1910 cinis

242 1939 439 1977 Iniuriosis
463 1940 589 1977 aridus
619 1941 740 1977 ventis
771 1939 876 1984 ferar,

245 2004 355 2042 Cales
384 2005 540 2042 venenis
570 2005 723 2042 officina
753 2004 955 2042 Colchicis.

242 2069 353 2116 Quae
382 2071 468 2107 finis
498 2075 561 2106 aut
591 2069 696 2118 quod
725 2081 787 2106 me
817 2075 946 2105 manet
976 2067 1235 2117 stipendium?

242 2135 392 2182 Effare;
432 2135 552 2172 iussas
584 2147 671 2172 cum
701 2134 775 2171 fide
805 2145 951 2183 poenas
980 2133 1094 2179 luam,

243 2199 401 2237 Paratus
430 2200 595 2249 expiare,
628 2211 695 2237 seu
724 2198 950 2247 poposceris

243 2264 408 2302 Centum
439 2264 631 2310 iuvencos,
662 2264 739 2301 sive
769 2263 944 2301 mendaci
974 2262 1052 2312 lyra

1293 397 1332 420 10

1293 1370 1330 1401 25

1293 2021 1332 2051 35
