1507 2427
443 78 538 110 LIB.
558 79 589 110 I.
632 78 705 110 OD.
732 78 831 119 VIII,
852 78 917 110 IX.
1250 84 1291 109 21

115 182 347 230 Ambiguam
377 181 508 218 tellure
538 166 636 219 nova
667 181 858 219 Salamina
887 181 1060 218 suturam.

221 246 256 283 O
287 245 402 283 fortes
432 246 639 295 peioraque
668 247 769 295 passi
1258 261 1299 290 30

114 310 270 350 Mecum
301 322 415 359 saepe
445 311 521 356 viri,
552 323 653 347 nunc
683 312 770 348 vino
800 311 926 360 pellite
955 321 1084 357 curas3

221 374 315 412 Cras
346 374 484 424 ingens
513 375 731 412 iterabimus
761 387 915 424 aequor.

539 621 574 660 O
588 622 624 659 D
640 622 672 658 E
712 622 821 660 VIII.

275 725 409 771 LYmA,
440 725 512 770 dic,
541 737 608 773 per
637 736 772 761 omnes

116 790 174 828 Te
204 791 298 828 deos
328 803 405 836 oro,
439 790 597 840 Sybarin
627 802 692 827 cur
720 801 903 839 properes
933 789 1098 828 amando

275 855 436 892 Perdere
452 868 461 901 ;
493 867 558 891 cur
587 854 757 903 apricum

116 920 247 959 Oderit
276 932 466 968 campum,
497 920 645 968 patiens
673 919 834 967 pulveris
863 924 974 968 atque
1004 918 1102 956 solis.

277 984 353 1022 Cur
382 997 506 1033 neque
535 984 703 1020 militaris
1287 998 1303 1028 5

116 1040 217 1086 Inter
246 1050 423 1098 aequales
452 1050 603 1098 equitat,
637 1048 785 1086 Gallica
814 1060 884 1085 nec
912 1047 1048 1096 lupatis

277 1114 486 1162 Temperat
515 1126 581 1150 ora
611 1113 749 1150 frenis?

118 1176 194 1215 Cur
223 1178 327 1215 timet
355 1178 492 1215 flavum
524 1178 695 1214 Tiberim
725 1176 907 1225 tangere?
965 1175 1043 1213 Cur
1072 1175 1212 1213 olivum

277 1243 471 1291 Sanguine
499 1243 669 1291 viperino

118 1306 272 1344 Cautius
301 1307 389 1343 vitat
419 1319 543 1356 neque
572 1307 646 1343 iam
675 1304 787 1342 livida
815 1310 938 1353 gestat
967 1304 1080 1341 armis
1263 1319 1301 1341 10

271 1371 447 1417 Brachia,
478 1383 592 1420 saepe
622 1370 739 1415 disco,
1020 1367 1024 1371 ’

118 1435 239 1486 Saepe
267 1441 368 1473 trans
397 1435 513 1472 finem
541 1435 663 1472 iaculo
694 1434 832 1471 nobilis
861 1433 1066 1483 expedito?

277 1500 382 1546 Quid
411 1500 511 1545 latet,
541 1506 582 1536 ut
610 1500 779 1536 marinae

116 1564 252 1601 Filium
282 1565 412 1601 dicunt
441 1564 617 1601 Thetidis
646 1564 716 1600 sub
745 1563 943 1601 lacrimosa
972 1563 1111 1601 Troiae

275 1629 438 1673 Funera,
469 1641 517 1665 ne
547 1627 656 1664 virilis
1270 1643 1305 1673 15

117 1694 250 1732 Cultus
279 1694 317 1731 in
347 1694 505 1732 caedem
535 1700 570 1730 et
600 1692 737 1742 Lycias
766 1693 977 1742 proriperet
999 1691 1202 1731 catervas?

563 1944 694 1982 ODE
733 1944 799 1980 IX.

278 2049 409 2094 Vmsss,
440 2055 479 2086 ut
508 2048 582 2085 alta
611 2054 682 2085 stet
712 2048 795 2085 nive
825 2048 1031 2085 candidum

281 2114 447 2158 Soracte,
476 2126 547 2151 nec
576 2114 651 2150 iarn
681 2115 889 2150 sustineant
919 2124 1016 2151 onus

335 2178 454 2216 Silvae
483 2178 697 2215 laborantes
726 2177 888 2227 geluque

386 2242 560 2288 Flumina
590 2243 824 2280 constiterint
853 2248 976 2280 acuto.
