1507 2427
129 63 201 88 112

491 55 531 86 H
534 56 624 87 ORA
635 55 667 86 T
662 55 708 87 II
735 55 1011 87 CARMINUM

285 160 376 206 Quo
406 159 497 197 nihil
526 161 647 198 maius
678 160 857 198 meliusve
887 161 993 198 terris

286 225 380 262 Fata
408 225 600 262 donavere
628 226 796 274 bonique
827 225 899 262 divi

287 289 370 327 Nec
401 289 556 334 dabunt,
588 290 759 338 quamvis
789 290 946 328 redeant
976 291 1013 326 in
1043 301 1177 327 aurum

450 355 649 403 Tempora
677 356 856 404 priscum.

288 419 480 457 Concines
510 418 706 468 laetosque
736 420 817 457 dies
845 426 882 456 et
911 418 1027 457 Urbis

288 483 487 521 Publicum
516 484 647 520 ludum
678 496 791 533 super
819 485 1021 533 impetrato

289 547 411 586 Fortis
442 549 605 597 Augusti
634 549 755 586 reditu
785 549 986 597 forumque

451 613 598 651 Litibus
627 614 776 651 orbum.

290 678 395 715 Tum
424 689 544 723 meae,
576 678 606 715 si
635 678 725 727 quid
754 678 887 728 loquar
916 678 1163 725 audiendum,

291 743 411 780 Vocis
441 742 596 780 accedet
625 744 728 780 bona
756 756 855 792 pars,
887 750 934 789 et,
965 743 1000 780 O
1033 743 1098 780 Sol

291 807 477 845 Pulcher!
517 820 541 845 o
570 808 783 846 laudande!
824 821 970 854 canam,
1002 815 1157 858 recepto

453 872 615 910 Caesare
646 873 744 911 felix.

292 937 440 986 Teque,
470 936 561 974 dum
590 938 776 986 procedis,
808 939 845 975 io
875 937 1097 986 Triumphe,

293 999 385 1037 Non
415 1000 533 1037 semel
562 1000 742 1046 dicemus,
772 1001 809 1037 io
840 999 1064 1048 Triumphe,

294 1063 434 1102 Civitas
463 1065 590 1102 omnis
620 1065 871 1114 dabimusque
901 1063 995 1101 divis

457 1128 590 1166 Thura
618 1129 806 1178 benignis.

293 1194 354 1232 Te
383 1194 516 1232 decem
546 1195 639 1232 tauri
668 1195 905 1243 totidemque
935 1204 1083 1238 vaccae,

294 1259 360 1296 Me
391 1266 495 1297 tener
524 1260 644 1297 solvet
672 1259 819 1303 vitulus,
850 1258 978 1295 relicta

296 1324 419 1362 Matre
449 1325 513 1373 qui
541 1325 653 1374 largis
682 1323 889 1361 iuvenescit
916 1321 1041 1359 herbis

456 1390 502 1426 In
531 1403 617 1427 mea
646 1397 743 1435 vota,

295 1455 436 1493 Fronte
465 1462 637 1492 curvatos
666 1456 831 1492 imitatus
861 1453 969 1502 ignes

297 1521 469 1557 Tertium
498 1519 610 1557 lunae
639 1519 835 1557 referentis
865 1525 1003 1561 ortum,

296 1585 384 1632 Qua
412 1590 542 1621 notam
574 1583 691 1628 duxit,
721 1583 853 1620 niveus
883 1581 1011 1626 videri,

456 1647 591 1686 Cetera
619 1648 752 1686 fulvus.

634 1908 767 1948 ODE
804 1907 879 1946 ΙΙΙ.

294 2033 414 2080 QUEM
442 2039 495 2078 tu,
525 2031 782 2081 Melpomene,
814 2028 932 2067 semel

347 2098 580 2135 Nascentem
611 2096 761 2146 placido
790 2095 931 2132 lumine
961 2091 1108 2135 videris,

294 2162 406 2200 Illum
435 2175 514 2199 non
543 2163 651 2199 labor
680 2160 860 2198 Isthmius

349 2226 512 2265 Clarabit
541 2226 719 2275 pugilem,
750 2236 829 2262 non
857 2234 977 2273 equus
1006 2221 1166 2270 impiger

1332 369 1376 398 40

1335 692 1375 723 45

1338 1012 1380 1044 50

1339 1334 1378 1366 55

1339 1647 1381 1680 60
