1507 2427
165 56 213 94 54

519 51 654 83 HORA
665 52 739 82 Tll
764 51 1039 83 CARMJNUM

663 171 800 211 ODE
839 172 907 209 IX.

377 263 467 302 Nox
496 276 646 313 semper
674 264 814 300 imbres
844 264 1010 301 nubibus
1038 263 1212 312 hispidos

377 329 540 366 Manant
570 330 608 365 in
638 340 752 377 agros
781 335 846 365 aut
879 341 983 366 mare
1014 328 1198 377 Caspium

431 393 583 430 Vexant
612 393 831 441 inaequales
860 394 1051 442 procellae

484 457 629 505 Usque,
660 469 732 493 nec
761 458 954 495 Armeniis
984 459 1024 494 in
1052 457 1141 502 oris,

378 522 512 559 Amice
541 521 665 569 Valgi,
697 528 769 558 stat
798 521 938 570 glacies
967 523 1069 559 iners

381 586 538 623 Menses
567 598 634 634 per
663 598 799 623 omnes
829 593 893 623 aut
922 587 1177 636 Aquilonibus

432 649 624 695 Querceta
654 650 821 699 Gargani
851 651 1026 688 laborant

485 715 535 751 Et
565 715 662 753 foliis
691 716 891 753 viduantur
920 717 1026 753 orni:

380 780 443 818 Tu
472 792 621 828 semper
651 793 763 829 urges
793 781 982 818 flebilibus
1011 781 1136 818 modis

380 844 534 893 Mysten
563 845 795 894 ademptum,
826 858 896 882 nec
928 846 994 882 tibi
1023 845 1197 893 Vespero

433 909 619 957 Surgente
649 910 840 947 decedunt
870 923 1019 947 amores

487 973 571 1010 Nec
601 974 775 1023 rapidum
806 974 976 1023 fugiente
1008 974 1148 1012 Solem.

380 1039 432 1074 At
460 1050 541 1074 non
569 1046 625 1075 ter
653 1051 748 1075 aevo
781 1039 931 1076 functus
961 1038 1163 1076 amabilem

381 1102 543 1139 Ploravit
572 1115 708 1139 omnes
739 1104 985 1140 Antilochum
1016 1115 1133 1141 senex

434 1168 583 1212 Annos,
614 1180 684 1204 nec
713 1169 911 1217 impubem
940 1176 1118 1217 parentes

489 1232 654 1270 Tro'slon
685 1240 749 1270 aut
778 1233 965 1282 Phrygiae
996 1245 1147 1270 sorores

380 1298 535 1335 Flevere
565 1309 726 1346 semper.
785 1298 929 1335 Desine
959 1298 1130 1334 mollium

382 1362 564 1400 Tandem
594 1362 844 1410 querelarum,
876 1370 912 1399 et
941 1363 1066 1412 potius
1097 1373 1196 1399 nova

437 1426 646 1464 Cantemus
676 1428 839 1476 Augusti
869 1435 1027 1476 tropaea

489 1491 663 1529 Caesaris
692 1501 728 1529 et
758 1493 921 1541 rigidum
952 1492 1157 1541 Niphaten,

382 1556 618 1605 Medumque
648 1557 791 1594 fiumen
821 1557 998 1606 gentibus
1028 1556 1200 1593 additum

382 1620 502 1658 Victis
531 1622 700 1659 minores
731 1622 879 1659 volvere
908 1623 1077 1667 vertices,

434 1685 615 1734 Intraque
645 1689 921 1736 praescriptum
952 1687 1126 1724 Gelonos

489 1749 648 1800 Exiguis
681 1753 849 1800 equitare
880 1752 1037 1800 campis.

680 1932 812 1970 ODE
859 1932 907 1969 X.

1378 858 1415 879 10

1379 1181 1416 1213 Ι5

331 2027 501 2065 RECTms
528 2025 639 2071 vives,
669 2024 802 2069 Licini,
833 2037 958 2073 neque
988 2024 1104 2061 altum

335 2092 493 2140 Semper
521 2089 695 2139 urgendo
726 2101 863 2138 neque,
898 2089 989 2125 dum
1018 2088 1203 2137 procellas

335 2156 476 2194 Cautus
506 2154 703 2200 horrescis,
735 2154 893 2190 nimium
923 2153 1131 2203 premendo

495 2221 600 2258 Litus
628 2221 811 2269 iniquum.
