1507 2427
127 66 199 114 136
373 74 592 105 HORATII
618 75 831 106 CARMEN
851 75 1118 109 SECULARE.

291 176 448 226 Vosque
479 189 630 215 veraces
661 179 856 224 cecinisse,
886 179 1039 225 Parcae,
1330 195 1368 227 25

284 242 402 288 Quod
432 243 549 279 semel
575 243 717 279 dictum
748 250 804 280 est
834 245 1052 293 stabilisque
1081 257 1205 282 rerum

283 307 491 345 Terminus
521 315 652 353 servet,
682 309 785 345 bona
813 308 889 346 iam
918 310 1080 358 peractis

389 372 540 420 Iungite
570 372 655 410 fata.

283 445 429 483 Fertilis
459 446 610 494 frugum
641 447 867 496 pecorisque
896 447 1029 489 Tellus

285 511 422 560 Spicea
451 512 569 549 donet
599 511 778 549 Cererem
808 524 951 549 corona
967 525 978 559 3
1331 528 1373 559 30

283 575 462 614 Nutriant
492 577 589 614 fetus
619 583 656 613 et
685 589 805 626 aquae
835 578 1004 616 salubres

388 641 438 678 Et
467 641 570 679 Iovis
599 654 719 679 aurae.

285 714 453 752 Condito
483 714 583 752 mitis
613 715 863 764 placidusque
893 715 968 752 telo

284 779 483 829 Supplices
513 780 600 817 audi
630 793 779 829 pueros
810 780 976 829 Ap0110;

286 845 459 883 Siderum
487 846 619 894 regina
647 846 823 892 bicornis,
854 845 953 891 audi,
1331 860 1370 893 35

391 910 513 955 Luna,
544 911 714 959 puellas:

285 983 413 1021 Roma
443 985 474 1021 si
502 991 668 1022 vestrum
698 991 754 1021 est
783 995 892 1032 opus,
923 984 1090 1033 Iliaeque

283 1047 391 1086 Litus
419 1049 626 1086 Etruscum
654 1056 809 1085 tenuere
839 1056 998 1094 turmae,

283 1113 393 1152 Iussa
421 1126 507 1162 pars
537 1120 683 1151 mutare
712 1113 830 1151 Lares
859 1122 896 1151 et
924 1115 1059 1151 urbem

394 1178 545 1229 Sospite
575 1191 697 1223 cursu,
1329 1195 1372 1226 40

283 1250 356 1290 Cui
386 1264 452 1301 per
480 1253 677 1290 ardentem
708 1252 789 1290 sine
818 1252 948 1290 fraude
978 1251 1137 1289 Troiam

284 1316 421 1354 Castus
451 1318 602 1354 Aeneas
630 1319 774 1366 patriae
804 1324 994 1366 superstes

284 1380 465 1420 Liberum
493 1383 652 1419 munivit
680 1383 759 1428 iter,
789 1383 943 1419 daturus

392 1447 504 1485 Plura
532 1449 692 1485 relictis:

284 1520 346 1567 Di,
376 1523 520 1570 probos
548 1534 676 1559 mores
707 1521 818 1558 docili
847 1521 1032 1566 iuventae,
1330 1534 1370 1568 45

283 1583 344 1631 Di,
376 1587 559 1623 senectuti
589 1586 762 1635 placidae
791 1586 968 1634 quietem,

283 1649 472 1688 Romulae
502 1652 605 1700 genti
635 1652 720 1689 date
748 1663 905 1700 remque
933 1650 1156 1700 prolemque

391 1716 441 1753 Et
471 1717 587 1754 decus
616 1718 752 1754 omne!

285 1788 472 1839 Quaeque
502 1802 570 1828 vos
599 1791 723 1828 bobus
753 1796 951 1828 veneratur
980 1789 1074 1827 albis

283 1853 416 1891 Clarus
444 1855 636 1892 Anchisae
666 1854 904 1903 Venerisque
936 1855 1101 1903 sanguis,
1331 1868 1374 1900 50

283 1918 476 1968 Impetret,
507 1920 671 1957 bellante
701 1921 813 1968 prior,
843 1920 1031 1957 iacentem

390 1983 506 2022 Lenis
535 1985 574 2021 in
602 1984 775 2022 hosteml

281 2057 365 2096 Iam
394 2059 489 2096 mari
518 2066 692 2108 terraque
721 2071 858 2096 manus
888 2065 1063 2108 potentes

284 2123 424 2161 Medus
454 2125 699 2173 Albanasque
729 2124 836 2160 timet
867 2135 1026 2168 secures,

284 2187 368 2225 Iam
398 2188 561 2238 Scythae
591 2201 775 2237 responsa
804 2196 947 2238 petunt,
978 2188 1130 2238 superbi
1331 2204 1371 2237 55

391 2253 533 2303 Nuper,
565 2261 601 2291 et
630 2254 728 2292 Indi.
