1507 2427
660 62 803 93 EPOD.
828 61 880 92 Η.
1325 67 1339 91 1
1350 68 1370 100 4
1382 67 1394 91 1

315 164 406 202 Non
435 170 474 201 ut
503 163 668 201 iuvencis
698 164 840 213 illigata
868 163 1035 212 pluribus
1362 179 1399 208 25

367 229 503 265 Aratra
532 229 699 265 nitantur
728 240 824 274 mea,

314 293 483 331 Pecusve
515 292 688 330 Calabris
719 301 806 330 ante
837 293 940 330 sidus
971 292 1152 330 fervidum

369 358 526 395 Lucana
555 364 674 394 mutet
704 359 866 407 pascuis,

315 422 452 471 Neque
482 430 521 458 ut
551 424 704 470 superni
734 423 819 460 villa
849 422 1019 460 candens
1049 421 1209 459 Tusculi

369 487 525 525 Circaea
554 495 685 537 tangat
714 489 874 525 moenia,
1361 502 1403 530 30

317 553 414 590 Satis
445 565 633 601 superque
662 565 723 589 me
753 553 969 600 benignitas
1000 559 1062 589 tua

367 617 531 655 Ditavit:
569 618 671 655 haud
699 630 892 666 paravero,

317 682 435 729 Quod
464 690 527 719 aut
556 695 688 720 avarus
719 690 759 719 ut
788 682 974 719 Chremes
1003 688 1099 718 terra
1128 693 1315 730 premam,

368 747 588 784 Discinctus
618 753 682 784 aut
710 748 869 796 perdam
898 758 1031 795 nepos.

623 981 848 1019 EPODE
887 981 938 1018 Π.

320 1087 475 1124 BEATUS
504 1086 575 1133 ille,
606 1087 669 1135 qui
698 1086 832 1135 procul
861 1086 1035 1134 negotiis,

373 1151 426 1188 Ut
455 1151 578 1199 prisca
606 1163 703 1199 gens
732 1150 962 1197 mortalium,

318 1215 482 1253 Paterna
510 1228 595 1252 rura
623 1216 749 1252 bobus
779 1222 930 1252 exercet
960 1216 1050 1260 suis,

376 1279 530 1318 Solutus
559 1280 665 1317 omni
694 1280 837 1325 fenore,

320 1344 457 1394 Neque
487 1346 670 1383 excitatur
698 1345 858 1382 classico
887 1345 996 1381 miles
1025 1345 1130 1390 truci,
1387 1358 1403 1389 5

374 1409 509 1459 Neque
538 1411 666 1448 horret
694 1412 831 1447 iratum
859 1422 976 1454 mare,

319 1473 538 1524 Forumque
568 1477 655 1513 vitat
685 1482 720 1513 et
751 1476 914 1524 superba
945 1475 1081 1512 civium

386 1539 649 1578 Potentiorum
678 1541 818 1577 limina.

319 1605 423 1655 Ergo
454 1612 518 1642 aut
546 1606 672 1642 adulta
699 1606 827 1642 vitium
856 1605 1065 1654 propagine

373 1670 478 1708 Altas
507 1672 655 1707 maritat
684 1671 859 1719 populos,
1369 1683 1407 1704 10

321 1736 398 1773 Aut
425 1737 463 1772 in
493 1737 649 1773 reducta
678 1736 771 1772 valle
801 1735 1051 1784 mugientium

376 1801 598 1850 Prospectat
627 1809 794 1838 errantes
824 1812 970 1848 greges,

321 1866 554 1915 Inutilesque
584 1866 677 1903 falce
706 1877 834 1902 ramos
865 1871 1066 1913 amputans

375 1931 581 1968 Feliciores
610 1931 750 1975 inserit,

320 1996 399 2032 Aut
426 2007 556 2044 pressa
585 1997 699 2044 puris‘
716 1996 827 2032 mella
857 1995 986 2033 condit
1015 1993 1217 2042 amphoris,
1368 2010 1403 2040 15

374 2059 450 2097 Aut
480 2061 614 2097 tondet
643 2060 810 2098 infirmas
840 2072 957 2105 oves;

321 2123 394 2161 Vel
423 2137 510 2161 cum
539 2125 722 2162 decorum
750 2125 903 2161 mitibus
932 2123 1056 2173 pomis
1085 2130 1198 2171 caput

374 2189 616 2227 Auctumnus
647 2190 747 2238 agris
777 2188 917 2234 extulit,
