1507 2427
130 63 178 99 94

490 54 624 87 ΗΘΚΛ
635 55 668 86 T
661 55 708 86 II
735 54 1010 87 CARMINUM

237 158 352 197 Certo
382 156 535 196 foedere
566 159 719 196 castitas
734 171 746 206 3

289 223 339 261 Et
367 235 526 273 peccare
556 223 663 260 nefas
692 229 756 260 aut
784 225 947 273 pretium
979 230 1036 261 est
1064 223 1173 261 mori.

238 287 274 326 O
305 287 475 336 quisquis
504 286 604 324 volet
633 287 770 336 impias

292 351 443 389 Caedes
471 357 507 388 et
535 351 680 388 rabiem
709 350 838 389 tollere
867 351 1035 398 civicam,

239 415 277 453 Si
306 422 461 465 quaeret
491 414 625 453 PATER
653 427 800 453 URBIUM

293 479 485 517 Subscribi
515 479 658 525 statuis,
688 479 914 518 indomitam
943 480 1082 518 audeat

240 545 449 583 Refrenare
478 544 682 591 licentiam,

291 610 425 648 Clarus
455 610 704 658 postgenitis:
745 610 1064 660 quatenus—heu
1093 609 1200 647 nefas
1217 611 1280 646 3-—

237 675 436 724 Virtutem¹
455 674 686 732 incolumem
715 675 875 722 odimus,

293 730 500 789 Suplatam
518 730 569 776 e}
594 740 715 777 oculis
743 740 959 789 quaerimus
987 739 1113 778 invidi.

239 805 344 853 Quid
372 805 497 842 tristes
522 804 794 854 querimoniae,

258 867 261 870 ’
292 871 331 908 Si
360 882 441 908 non
471 870 658 920 supplicio
689 869 800 918 culpa
828 869 1015 916 reciditur,

238 936 343 984 Quid
371 935 476 984 leges
506 935 587 972 sine
616 934 787 972 moribus

291 1000 427 1038 Vanae
455 999 670 1049 proficiunt,
701 999 733 1036 si
761 1011 885 1048 neque
914 998 1063 1037 fervidis

240 1065 332 1102 Pars
361 1064 508 1102 inclusa
536 1063 724 1100 caloribus

294 1129 432 1166 Mundi
461 1140 532 1165 nec
561 1127 707 1164 Boreae
736 1126 937 1165 finitimum
964 1127 1060 1165 latus

240 1194 485 1242 Durataeque
515 1192 599 1230 solo
633 1193 738 1229 nives

295 1258 552 1296 Mercatorem
582 1257 751 1305 abigunt,
781 1256 934 1295 horrida
963 1257 1086 1295 callidi

241 1324 412 1362 Vincunt
440 1334 608 1372 aequora
637 1322 795 1367 nautae,

296 1388 485 1437 Magnum
516 1386 717 1436 pauperies
747 1387 996 1435 opprobrium
1025 1386 1127 1424 iubet

242 1453 404 1500 Quidvis
434 1458 471 1489 et
500 1451 623 1488 facere
652 1457 688 1487 et
716 1452 795 1499 pati

295 1517 533 1566 virtutisque
563 1516 662 1553 viam
692 1516 829 1554 deserit
857 1515 1025 1553 arduae?

242 1583 316 1621 Vel
343 1594 416 1620 nos
444 1583 484 1619 in
513 1581 756 1630 Capitolium,

297 1648 387 1695 Quo
417 1647 559 1685 clamor
588 1653 699 1684 vocat
728 1652 765 1683 et
792 1647 901 1684 turba
929 1646 1145 1694 faventium,

242 1715 315 1753 Vel
344 1726 416 1752 nos
443 1713 482 1750 in
511 1725 614 1749 mare
644 1712 860 1761 proximum

297 1779 483 1818 Gemmas
513 1785 548 1815 et
576 1777 733 1826 lapides,
763 1789 897 1814 aurum
927 1784 964 1815 et
991 1777 1131 1823 inutile,

246 1843 393 1882 Summi
422 1842 619 1879 materiem
646 1842 747 1887 mali,

297 1908 506 1953 Mittamus,
537 1906 722 1944 scelerum
751 1907 782 1944 si
809 1907 908 1945 bene
937 1907 1118 1957 poenitet.

243 1972 448 2012 Eradenda
477 1971 664 2021 cupidinis

299 2038 409 2075 Pravi
439 2044 526 2075 sunt
555 2037 742 2075 elementa
771 2044 807 2076 et
836 2044 986 2075 tenerae
1015 2037 1128 2074 nimis

244 2104 398 2142 Mentes
428 2103 684 2153 asperioribus

298 2169 539 2206 Formandae
571 2169 714 2207 studiis.
771 2168 905 2207 Nescit
934 2181 1033 2218 equo
1065 2167 1168 2205 rudis

1338 623 1379 654 30

1341 949 1380 980 35

1340 1272 1384 1304 40

1343 1595 1383 1627 45

1345 1921 1387 1952 50
