1507 2427
131 64 177 99 62

491 67 622 100 HORA
632 69 707 100 TII
731 69 1009 102 CARMINUM

604 362 640 401 O
655 363 692 401 D
704 363 738 400 E
777 364 907 402 XVII.

288 486 373 526 CUR
402 500 464 525 me
493 489 654 537 querelis
684 490 881 527 exanimas
909 489 1010 528 tuis?

287 553 371 590 Nec
400 553 457 590 dis
486 554 652 591 amicum
680 560 737 591 est
765 567 837 592 nec
865 554 957 591 mihi
985 561 1022 592 te
1051 553 1155 603 prius

340 617 468 663 Obire,
499 617 718 664 Maecenas,
749 631 921 656 mearum

393 682 549 720 Grande
579 683 696 721 decus
726 683 981 732 columenque
1011 694 1150 720 rerum.

285 747 348 784 Ah
376 753 413 784 te
442 760 550 784 meae
580 748 610 784 si
638 754 785 796 partem
815 748 963 784 animae
992 747 1089 797 rapit

284 811 471 850 Maturior
498 813 564 859 vis,
596 813 686 862 quid
715 825 844 850 moror
872 813 998 857 altera,

339 877 423 914 Nec
453 889 562 915 carus
591 890 712 926 aeque
742 890 813 914 nec
843 884 1034 926 superstes

392 942 571 991 Integer?
628 942 696 979 Ille
726 942 805 979 dies
835 949 1034 989 utramque

285 1007 410 1044 Ducet
439 1008 600 1044 ruinam.
658 1007 750 1045 Non
779 1020 852 1056 ego
881 1007 1068 1056 perfidum

285 1072 375 1109 Dixi
405 1079 710 1110 sacramentum:
750 1072 899 1117 ibimus,
929 1071 1078 1115 ibimus,

339 1137 545 1186 Utcunque
575 1137 792 1186 praecedes,
823 1148 1042 1186 supremum

395 1201 560 1250 Carpere
591 1202 659 1238 iter
689 1202 847 1238 comites
877 1202 1006 1250 parati.

287 1265 354 1303 Me
383 1279 455 1304 nec
484 1266 710 1304 Chimaerae
740 1266 890 1314 spiritus
919 1266 1054 1314 igneae

288 1329 383 1376 Nec,
414 1331 444 1368 si
473 1337 655 1380 resurgat,
686 1330 923 1368 centimanus
953 1322 1087 1379 †Gyas

339 1395 501 1433 Divellet
528 1407 719 1445 unquam:
760 1396 812 1432 sic
842 1395 987 1443 potenti

396 1461 565 1498 Iustitiae
595 1461 851 1509 placitumque
881 1459 1021 1497 Parcis,

289 1524 364 1563 Seu
393 1525 507 1562 Libra
535 1538 603 1563 seu
631 1537 692 1562 me
718 1525 900 1573 Scorpios
929 1523 1088 1574 adspicit

289 1589 588 1634 Formidolosus,
617 1602 704 1638 pars
734 1589 933 1626 violentior

344 1653 490 1691 Natalis
519 1654 645 1697 horae,
677 1665 743 1690 seu
772 1659 954 1702 tyrannus

402 1718 615 1767 Hesperiae
646 1717 903 1767 Capricornus
931 1718 1068 1763 undae,

289 1783 502 1832 Utrumque
531 1789 703 1820 nostrum
733 1781 938 1820 incredibili
967 1782 1086 1819 modo

290 1848 490 1887 Consentit
519 1854 671 1884 astrum.
731 1847 791 1884 Te
820 1846 922 1884 Iovis
951 1846 1069 1894 impio

342 1913 483 1951 Tutela
514 1912 675 1949 Saturno
705 1911 896 1959 refulgens

395 1978 544 2027 Eripuit
572 1977 809 2025 volucrisque
838 1976 919 2013 Fati

291 2044 472 2082 Tardavit
500 2043 587 2089 alas⁷
618 2054 707 2079 cum
735 2042 901 2091 populus
924 2041 1100 2091 frequens

287 2109 449 2147 Laetum
478 2108 631 2145 theatris
661 2113 716 2145 ter
745 2107 888 2155 crepuit
918 2118 1076 2144 sonum:

344 2173 410 2210 Me
438 2180 593 2210 truncus
622 2173 777 2222 illapsus
807 2172 961 2209 cerebro

398 2238 615 2285 Sustulerat‚
645 2237 717 2275 nisi
745 2236 899 2275 Faunus
928 2237 1044 2275 ictum

1341 1086 1378 1107 10

1340 1408 1378 1440 ¹5

1341 1732 1380 1754 20
