1507 2427
174 63 223 107 48
534 66 667 98 ΗΘΚΛ
678 66 752 97 TII
779 64 1056 96 CARMJNUM

387 169 533 207 Crescit
560 169 762 218 indulgens
792 168 862 205 sibi
890 168 992 206 dirus
1020 168 1198 217 hydrops,

388 233 473 271 Nec
503 234 603 271 sitim
632 233 748 282 pellit,
779 233 851 270 nisi
881 245 996 270 causa
1024 233 1148 270 morbi

388 298 543 347 Fugerit
573 298 677 335 venis
708 304 745 334 et
774 309 943 346 aquosus
967 297 1054 335 albo

550 363 724 413 Corpore
753 363 924 412 languor.

389 428 598 466 Redditum
627 427 716 476 Cyri
747 428 842 465 solio
874 428 1062 465 Phraaten

388 492 590 530 Dissidens
620 493 722 542 plebi
750 504 911 530 numero
939 493 1139 530 beatorum

388 557 531 594 Eximit
561 557 702 601 Virtus,
733 556 997 607 populumque
1026 557 1129 595 falsis

549 621 724 659 Dedocet
752 622 805 659 uti

389 686 572 731 Vocibus,
600 699 760 735 regnum
790 693 827 724 et
857 687 1032 725 diadema
1059 693 1183 726 tutum

389 751 576 788 Deferens
607 752 672 788 uni
700 752 972 800 propriamque
1001 752 1158 798 laurum,

389 814 572 866 Quisquis
599 817 772 864 ingentes
801 817 914 854 oculo
943 817 1122 854 inretorto

553 879 707 930 Spectat
735 893 900 919 acervos.

676 1151 712 1190 O
726 1151 808 1189 DE
846 1151 919 1190 ΠΙ.

333 1269 504 1311 AEQUAM
533 1275 728 1305 memento
757 1268 871 1305 rebus
899 1268 938 1304 in
968 1268 1094 1306 arduis

336 1333 491 1370 Servare
521 1340 701 1378 mentem,
731 1344 811 1369 non
841 1344 951 1369 secus
980 1333 1019 1369 in
1047 1332 1159 1370 bonis

387 1397 449 1433 Ab
478 1397 655 1434 insolenti
684 1404 935 1446 temperatam

443 1461 613 1506 Laetitia,
643 1462 822 1499 moriture
852 1461 961 1507 Delli,

337 1524 413 1562 Seu
441 1532 608 1563 maestus
637 1527 743 1563 omni
772 1533 946 1575 tempore
975 1527 1120 1572 vixeris,

337 1589 413 1628 Seu
442 1599 476 1628 te
506 1591 544 1627 in
573 1598 720 1628 remoto
750 1591 920 1640 gramine
949 1603 1018 1640 per
1046 1591 1126 1629 dies

390 1654 525 1693 Festos
555 1656 778 1693 reclinatum
807 1656 938 1693 bearis

443 1719 625 1757 Interiore
654 1727 746 1758 nota
775 1720 934 1758 Falerni.

335 1783 426 1831 Quo
454 1785 567 1833 pinus
595 1786 731 1834 ingens
760 1786 922 1834 albaque
950 1785 1117 1836 populus

334 1848 522 1886 Umbram
551 1850 779 1898 hospitalem
809 1851 1031 1888 consociare
1061 1856 1191 1888 amant

389 1913 548 1951 Ramis?
606 1914 711 1961 Quid
739 1915 894 1964 obliquo
922 1915 1068 1952 laborat

443 1979 622 2029 Lympha
650 1980 765 2029 fugax
794 1979 980 2029 trepidare
1010 1980 1116 2017 rivo?

337 2044 428 2083 Huc
452 2046 538 2082 vina
567 2052 603 2082 et
631 2052 828 2095 unguenta
856 2051 893 2081 et
921 2044 1083 2081 nimium
1113 2045 1244 2081 breves

338 2110 469 2148 Flores
497 2123 685 2149 amoenae
714 2111 809 2148 ferre
839 2110 927 2147 iube
955 2121 1079 2156 rosae,

391 2177 496 2214 Dum
525 2190 584 2215 res
614 2185 651 2215 et
680 2184 784 2215 aetas
814 2182 851 2214 et
879 2188 1054 2214 sororum

445 2243 526 2281 Fila
554 2244 665 2281 trium
694 2243 888 2293 patiuntur
917 2247 1009 2279 atra.

1392 314 1428 346 15

1394 639 1432 661 20

1395 1864 1407 1886 Χ
1412 1864 1434 1889 0
1499 1874 1500 1895 ι
