1507 2427
159 63 207 98 30
514 54 650 87 HORA
658 55 734 87 TlI
759 54 1037 87 CARMINUM

313 153 362 190 Di
391 165 453 191 me
480 158 648 200 tuentur,
679 153 736 191 dis
764 153 885 203 pietas
914 166 1000 192 mea

314 217 364 255 Et
393 218 507 255 Musa
537 219 639 256 cordi
668 224 734 256 est.
790 218 867 256 Hic
896 219 961 255 tibi
990 219 1102 268 copia

367 283 542 320 Manabit
570 282 619 320 ad
648 282 802 331 plenum
829 283 998 331 benigno
1362 298 1399 331 15

422 346 536 384 Ruris
563 347 752 384 honorum
781 346 960 395 opulenta
988 359 1116 384 cornu.

316 411 394 469 ῌίο
422 411 460 448 in
488 411 644 448 reducta
672 411 766 447 valle
795 410 1001 449 Caniculae

315 467 460 512 Vitabis
489 482 615 512 aestus
643 481 679 512 et
706 475 780 512 fide
808 475 907 512 Tei’a

367 539 482 577 Dices
510 539 725 577 laborantes
753 539 792 576 in
820 551 898 576 uno

421 603 641 652 Penelopen
669 604 897 652 vitreamque
928 602 1091 651 Circen3
1361 619 1402 641 20

318 668 394 705 Hic
422 669 634 706 mnocentis
662 668 802 717 pocula
831 668 959 705 Lesbii

316 732 444 771 Duces
473 733 544 770 sub
571 733 716 779 umbra,
745 745 815 770 nec
846 732 1057 770 Semeleius

371 795 471 834 Cum
499 796 621 834 Marte
649 796 858 834 confundet
888 796 1099 845 Thyoneus

423 860 583 906 Proelia,
612 873 682 898 nec
712 867 858 898 metues
886 867 1104 910 protervum

319 925 503 974 Suspecta
532 925 683 974 Cyrum,
712 937 760 962 ne
789 926 887 963 male
917 925 1055 974 dispari
1363 941 1402 972 25

318 989 601 1027 Incontinentes
629 989 768 1026 iniiciat
796 1001 931 1026 manus

371 1053 420 1091 Et
450 1054 594 1091 scindat
620 1054 838 1091 haerentem
869 1064 1055 1091 coronam

425 1117 600 1156 Crinibus
629 1119 930 1168 immeritamque
958 1123 1114 1156 vestem.

659 1305 913 1313 ———

621 1448 659 1490 O
672 1450 709 1488 D
722 1450 756 1488 E
793 1449 943 1487 XVIII.

158 1574 342 1623 NULLAM,
371 1575 481 1621 Vare,
512 1587 618 1614 sacra
645 1576 717 1614 vite
746 1575 848 1626 prius
879 1574 1016 1613 severis
1043 1574 1217 1613 arborem

158 1646 270 1684 Circa
297 1646 387 1683 mite
417 1646 539 1684 solum
569 1645 723 1683 Tiburis
752 1653 789 1683 et
817 1646 971 1683 moenia
1000 1645 1121 1683 Catili.

162 1710 278 1749 Siccis
307 1711 434 1749 omnia
462 1723 551 1748 nam
580 1711 673 1748 dura
702 1711 794 1748 deus
823 1710 1032 1760 proposuit,
1061 1720 1186 1758 neque

159 1776 362 1814 Mordaces
390 1776 494 1814 aliter
522 1776 723 1825 diffugiunt
753 1775 1030 1813 sollicitudines.

158 1841 256 1888 Quis
284 1847 371 1891 post
399 1841 484 1878 vina
511 1853 664 1890 gravem
688 1840 857 1877 militiam
882 1846 946 1876 aut
971 1838 1191 1888 pauperiem
1217 1838 1369 1888 crepat?
1385 1854 1403 1884 5

158 1906 255 1952 Quis
285 1918 364 1943 non
392 1912 428 1943 te
457 1906 595 1955 potius,
616 1904 768 1942 Bacche
793 1910 912 1953 pater,
936 1910 1061 1953 teque,
1083 1903 1222 1940 decens
1245 1902 1404 1941 Venus?

158 1971 220 2017 At,
249 1983 298 2008 ne
326 1971 410 2020 quis
439 1970 581 2008 modici
612 1969 795 2007 transiliat
823 1980 984 2006 munera
1013 1967 1151 2013 Liberi,

159 2035 372 2074 Centaurea
399 2041 532 2073 monet
561 2046 648 2073 cum
677 2033 848 2083 Lapithis
877 2034 957 2071 rixa
986 2045 1097 2082 super
1124 2045 1230 2071 mero

157 2099 367 2147 Debellata,
395 2106 527 2138 monet
556 2098 737 2137 Sithoniis
767 2110 847 2136 non
875 2098 966 2136 levis
994 2098 1125 2145 Euius,

160 2165 259 2204 Cum
289 2166 344 2204 fas
374 2172 486 2215 atque
515 2164 621 2203 nefas
650 2164 789 2214 exiguo
820 2163 894 2201 fine
923 2163 1121 2201 libidinum
1367 2178 1405 2200 10
