1507 2427
97 83 169 119 154

494 77 628 109 HORA
638 78 713 109 TII
738 78 948 111 EPODON

532 262 754 301 EPODE
791 264 900 302 XIV.

202 391 355 429 Motus
383 391 516 428 inertia
545 402 611 427 cur
635 396 779 427 tantam
809 390 1002 428 diffuderit
1031 390 1116 428 imis

254 456 497 494 Oblivionem
528 456 716 500 sensibus,

200 521 343 559 Pocula
371 521 561 558 Lethaeos
591 527 633 557 ut
663 520 692 557 si
722 519 903 557 ducentia
934 531 1093 557 somnos

256 587 398 623 Arente
428 585 535 622 fauce
565 585 754 629 traxerim,

202 651 375 689 Candide
406 650 625 696 Maecenas,
657 649 800 687 occidis
832 661 946 698 saepe
976 649 1174 698 rogando:
1328 667 1344 697 5

254 716 373 761 Deus,
403 715 496 753 deus
526 727 615 752 narn
646 727 708 751 me
738 720 838 751 vetat

202 782 395 831 Inceptos‚
425 781 516 818 olim
545 780 774 828 promissum
804 791 968 823 carmen,
998 780 1151 816 'iambos

256 848 319 885 Ad
347 847 569 884 umbilicum
599 845 797 882 adducere.
823 864 826 867 ·

203 913 295 950 Non
326 913 428 949 aliter
460 912 590 949 Samio
621 910 750 947 dicunt
779 909 912 946 arsisse
944 907 1118 957 Bathyllo

257 979 502 1014 Anacreonta
531 975 685 1021 Telum,
1310 990 1348 1011 10

204 1043 280 1090 Qui
310 1053 491 1091 persaepe
520 1053 612 1077 cava
640 1039 826 1077 testudine
856 1039 957 1075 flevit
985 1051 1157 1076 amorem

256 1107 350 1145 Non
378 1107 614 1143 elaboratum
644 1105 691 1142 ad
721 1104 871 1153 pedem.

204 1173 333 1210 Uteris
362 1173 443 1221 ipse
472 1171 608 1207 miser:
648 1170 785 1219 quodsi
813 1181 893 1206 non
922 1167 1115 1217 pulchrior
1144 1168 1245 1217 ignis

259 1237 447 1274 Accendit
475 1236 674 1273 obsessam
704 1234 814 1276 Ilion,

206 1303 341 1341 Gaude
371 1308 470 1339 sorte
500 1307 585 1346 tua;
626 1312 687 1336 me
716 1299 891 1336 libertina
919 1310 1045 1348 neque
1075 1310 1154 1335 uno
1309 1313 1345 1345 15

261 1368 453 1406 Contenta
482 1365 631 1415 Phryne
660 1370 838 1402 macerat.

556 1663 777 1701 EPODE
817 1662 904 1700 XV.

211 1794 299 1831 Nox
328 1798 406 1829 erat
435 1797 471 1828 et
501 1789 608 1827 caelo
638 1789 805 1837 fulgebat
834 1788 924 1824 luna
954 1800 1088 1825 sereno

264 1858 367 1895 Inter
395 1857 544 1893 minora
572 1855 705 1900 sidera,

208 1923 309 1960 Cum
337 1930 378 1959 tu
406 1931 634 1969 magnorum
664 1930 806 1954 numen
835 1917 982 1954 laesura
1010 1916 1169 1953 deorum

262 1988 308 2024 In
337 1987 451 2023 verba
480 1985 631 2022 iurabas
660 1996 757 2028 mea,

210 2053 339 2090 Artius
368 2058 480 2099 atque
509 2049 650 2086 hedera
678 2059 838 2096 procera
866 2045 1111 2094 adstringitur
1140 2044 1223 2090 ilex,
1328 2061 1345 2092 5

262 2117 393 2153 Lentis
423 2114 633 2152 adhaerens
662 2111 849 2149 brachiis:

207 2182 311 2219 Dum
340 2179 469 2229 pecori
499 2179 610 2227 lupus
641 2184 677 2214 et
705 2176 828 2213 nautis
858 2175 1017 2212 infestus
1048 2173 1168 2212 Orion

263 2246 452 2283 Turbaret
481 2244 682 2280 hibernum
712 2253 828 2286 mare,
