1507 2427
502 64 596 97 ΜΒ.
617 64 648 95 J.
692 63 766 96 OD.
786 63 889 95 XIX.
1269 73 1290 108 3
1300 72 1312 95 1

74 167 303 204 Discernunt
332 165 439 204 avidi.
500 164 591 203 Non
621 179 693 216 ego
723 173 771 212 te,
802 165 960 204 candide
990 166 1182 212 Bassareu,

74 230 237 269 Invitum
267 232 444 280 quatiam,
475 242 546 267 nec
575 232 684 268 variis
713 231 836 269 obsita
864 231 1061 269 frondibus

75 295 153 332 Sub
182 295 308 332 divum
336 296 492 345 rapiam.
551 295 671 332 Saeva
700 302 786 333 tene
815 308 903 333 cum
932 296 1156 346 Berecyntio

74 359 204 398 Cornu
233 366 424 409 tympana,
455 372 552 409 quae
583 361 822 408 subsequitur
852 373 988 398 caecus
1017 361 1138 399 Amor
1167 364 1238 408 sui,

73 421 121 458 Et
148 421 283 459 tollens
311 433 471 459 vacuum
500 422 584 470 plus
615 422 732 458 nimio
763 421 893 459 Gloria
921 424 1110 470 verticem,
1281 440 1315 470 15.

74 486 289 535 Arcanique
317 485 430 524 Fides
456 485 629 536 prodiga,
660 486 887 534 perlucidior
915 486 1018 524 vitro.

564 819 649 859 OD
662 821 696 858 E
732 820 840 858 XIX.

285 939 432 978 MATER
461 952 573 978 saeva
601 940 834 989 Cupidinum

232 1004 516 1053 Thebanaeque
545 1006 647 1042 iubet
675 1017 737 1042 me
769 1005 940 1043 Semelae
969 1018 1062 1055 puer

283 1069 333 1106 Et
361 1069 499 1107 lasciva
528 1070 699 1107 Licentia

230 1133 362 1171 Finitis
391 1135 559 1171 animum
588 1135 744 1172 reddere
773 1135 974 1173 amoribus.

283 1197 367 1235 Urit
394 1210 456 1235 me
486 1198 670 1247 Glycerae
698 1199 797 1236 nitor
1297 1214 1313 1244 5

231 1261 472 1312 Splendentis
501 1263 611 1300 Pario
640 1276 827 1301 marmore
855 1265 1007 1313 purius:

281 1326 365 1364 Urit
393 1334 499 1376 grata
525 1328 745 1376 protervitas

228 1390 279 1429 Et
306 1392 430 1430 voltus
459 1393 619 1430 nimium
647 1393 811 1430 lubricus
840 1393 993 1442 adspici.

280 1457 327 1494 In
355 1469 418 1495 me
445 1464 525 1495 tota
552 1470 664 1495 ruens
694 1457 826 1495 Venus

229 1520 399 1571 Cyprum
428 1522 607 1568 deseruit,
638 1535 709 1560 nec
737 1523 875 1572 patitur
905 1521 1063 1572 Scythas
1280 1538 1316 1560 10

280 1586 330 1623 Et
357 1587 470 1623 versis
499 1587 716 1624 animosum
744 1587 850 1635 equis

228 1647 407 1685 Parthum
437 1648 560 1686 dicere
590 1660 661 1685 nec
691 1660 787 1697 quae
817 1648 907 1685 nihil
935 1648 1105 1686 attinent.

280 1713 357 1750 Hic
385 1713 509 1750 vivum
538 1713 629 1750 mihi
658 1713 873 1762 caespitem,
903 1712 963 1750 hic

227 1776 442 1824 Verbenas,
472 1778 589 1827 pueri,
619 1777 750 1826 ponite
780 1777 965 1828 thuraque

279 1842 378 1880 Bimi
407 1855 494 1881 cum
524 1850 653 1892 patera
681 1843 796 1880 meri:
1275 1858 1311 1891 15

226 1905 393 1946 Mactata
421 1908 546 1946 veniet
574 1907 693 1945 lenior
721 1907 854 1945 hostia.
