1507 2427
424 511 688 553 CARMEN
733 510 1081 554 SECULARE.

313 672 470 711 PHOEBE
500 673 752 722 silvarumque
782 679 919 722 potens
948 673 1084 717 Diana,

312 737 499 775 Lucidum
528 739 620 776 caeli
650 739 777 784 decus,
807 750 830 775 o
862 738 1012 775 colendi

312 806 471 857 Semper
498 815 534 845 et
563 808 662 853 culti,
692 809 789 850 date,
819 820 917 857 quae
947 818 1150 856 precamur

420 873 617 922 Tempore
647 885 769 918 sacro,

311 944 401 992 Quo
433 946 602 995 Sibyllini
631 958 815 983 monuere
845 957 976 983 versus

311 1010 488 1059 Virgines
517 1011 634 1048 lectas
663 1022 880 1060 puerosque
911 1016 1037 1047 castos

312 1074 393 1122 Dis,
423 1076 560 1125 quibus
591 1082 738 1125 septem
768 1075 946 1124 placuere
976 1074 1101 1120 colles,

418 1140 557 1178 Dicere
587 1153 754 1178 carmen.

311 1214 423 1250 Alme
454 1214 530 1260 Sol,
560 1225 669 1251 curru
699 1213 819 1250 nitido
851 1213 951 1250 diem
981 1213 1047 1261 qui

313 1277 462 1315 Promis
491 1285 528 1315 et
557 1278 658 1315 celas
688 1277 859 1326 aliusque
889 1285 925 1314 et
955 1278 1058 1314 idem

309 1341 497 1388 Nasceris‚
529 1343 654 1392 possis
684 1343 776 1379 nihil
805 1343 897 1379 urbe
929 1342 1056 1379 Roma

417 1407 551 1445 Visere
581 1409 714 1445 maius.

312 1482 399 1520 Rite
428 1491 594 1519 maturos
623 1482 768 1532 aperire
797 1490 926 1531 partus

310 1546 439 1592 Lenis,
469 1547 629 1595 Ilithyia‚
659 1556 763 1585 tuere
792 1554 943 1592 matres,

311 1611 395 1649 Sive
424 1619 465 1649 tu
494 1612 651 1658 Lucina,
680 1613 822 1662 probas
852 1612 978 1649 vocari

421 1676 497 1714 Seu
527 1676 724 1714 Genitalis.

309 1749 417 1794 Diva,
446 1750 637 1799 producas
667 1751 840 1788 subolem
868 1758 1093 1800 patrumque

307 1815 517 1863 Prosperes
546 1815 698 1852 decreta
727 1827 839 1864 super
867 1816 1044 1863 iugandis

307 1879 474 1916 Feminis
503 1879 697 1929 prolisque
727 1892 848 1917 novae
877 1880 991 1917 feraci

414 1943 518 1992 Lege
547 1945 692 1990 marita,

309 2017 444 2055 Certus
474 2018 649 2055 undenos
680 2018 806 2056 decies
836 2031 902 2067 per
930 2031 1052 2056 annos

310 2082 424 2120 Orbis
453 2088 494 2119 ut
522 2089 655 2120 cantus
683 2083 894 2133 referatque
923 2083 1033 2120 ludos

308 2146 388 2184 Ter
416 2147 476 2184 die
505 2147 607 2184 claro
637 2148 824 2198 totiesque
855 2155 962 2197 grata

412 2211 539 2249 Nocte
569 2212 796 2262 frequentes.

1366 1292 1404 1313 10

1360 1958 1401 1980 20
