1507 2427
194 56 242 90 44

548 48 589 80 H
591 48 682 80 ORA
691 49 766 80 TII
791 48 1065 81 CARMINUM

301 151 546 202 Mutataeque
575 152 686 190 simul
714 159 837 201 togae.

409 216 548 254 Cressa
577 229 626 254 ne
654 225 778 255 careat
807 217 964 266 pulchra
992 217 1072 255 dies
1100 224 1202 263 nota,

301 281 387 318 Neu
418 288 618 330 promptae
647 281 786 319 modus
815 282 1035 331 amphorae,

409 345 495 383 Neu
524 358 671 383 morem
700 347 738 382 in
769 347 910 384 Salium
938 347 985 384 sit
1012 347 1160 396 requies
1187 345 1342 396 pedum,

301 410 387 447 Neu
417 410 523 447 multi
551 411 722 448 Damalis
750 412 842 448 meri

408 476 571 512 Bassum
602 475 784 512 Thre'fcia
812 476 937 514 vineat
965 476 1161 525 amystide,

303 540 388 576 Neu
419 541 544 577 desint
572 540 693 588 epulis
722 553 844 586 rosae,

409 604 496 641 Neu
525 605 632 641 vivax
663 606 801 654 apium,
832 618 907 643 neu
935 606 1047 643 breve
1075 605 1206 643 lilium.

302 669 449 706 Omnes
478 669 517 705 in
545 669 724 706 Damalin
751 678 880 718 putres

409 733 617 781 Deponent
645 734 791 778 oeulos,
821 747 891 772 nec
920 735 1091 773 Damalis
1120 746 1222 772 novo

302 797 506 834 Divelletur
535 797 705 834 adultero

409 862 576 899 Lascivis
604 862 752 900 hederis
782 864 1026 903 ambitiosior.

623 1127 660 1166 O
676 1128 713 1165 D
728 1128 762 1165 E
802 1129 1010 1168 XXXVII.

357 1248 469 1286 NUNC
499 1254 555 1285 est
582 1248 803 1295 bibendum,
833 1261 936 1286 nunc
964 1248 1062 1298 pede
1091 1249 1209 1287 libero

356 1313 546 1350 Pulsanda
574 1313 693 1357 tellus,
725 1325 827 1350 nunc
858 1313 1063 1350 Saliaribus

410 1376 558 1414 Ornare
587 1377 759 1426 pulvinar
789 1378 947 1415 deorum

464 1441 640 1490 Tempus
670 1449 749 1479 erat
778 1442 951 1491 dapibus,
982 1441 1142 1480 sodales.

355 1505 530 1542 Antehac
560 1506 667 1543 nefas
698 1506 924 1554 depromere
954 1505 1175 1543 Caecubum

356 1569 469 1607 Cellis
499 1570 617 1615 avitis,
648 1571 739 1607 dum
769 1570 959 1619 Capitolio

408 1634 560 1683 Regina
590 1636 786 1673 dementes
815 1635 941 1672 ruinas

462 1699 594 1736 Funus
623 1706 660 1736 et
688 1699 849 1748 imperio
878 1700 1036 1748 parabat

356 1764 628 1802 Contaminato
658 1776 746 1801 cum
775 1775 891 1812 grege
920 1763 1086 1811 turpium

357 1828 498 1865 Morbo
528 1829 704 1872 virorum,
735 1828 918 1876 quidlibet
946 1828 1139 1876 impotens

413 1894 573 1943 Sperare
601 1893 831 1942 fortunaque
861 1893 960 1930 dulci

462 1959 589 1996 Ebria.
648 1958 725 1995 Sed
754 1958 891 1995 minuit
919 1957 1084 1994 furorem

357 2023 432 2060 Vix
461 2036 538 2060 una
566 2035 701 2072 sospes
730 2022 835 2059 navis
864 2022 912 2058 ab
941 2022 1102 2070 ignibus,

358 2087 608 2136 Mentemque
639 2087 873 2137 lymphatam
909 2085 1121 2123 Mareotico

411 2152 577 2201 Redegit
607 2152 645 2188 in
674 2164 784 2189 veros
814 2152 972 2188 timores

465 2217 616 2263 Caesar,
646 2217 694 2253 ab
724 2216 832 2253 Italia
860 2215 1053 2252 volantem

1400 232 1439 255 10

1399 556 1436 587 15

1399 879 1437 901 20

1407 1842 1495 1870 10,
