1507 2427
141 79 213 103 110

498 71 631 103 ΗΘΚΛ
640 71 713 103 TII
740 71 1016 103 CARMJNUM

299 174 411 224 Largi
440 176 661 212 muneribus
689 174 809 211 riserit
836 173 985 220 aemuli,

243 241 415 279 Albanos
444 254 564 291 prope
593 248 630 278 te
658 240 763 277 lacus

298 306 421 344 Ponet
448 316 703 342 marmoream
733 304 804 341 sub
831 305 936 342 trabe
966 304 1089 352 citrea,

245 370 325 408 Illic
354 371 516 419 plurima
545 369 699 406 naribus

296 436 425 473 Duces
453 435 570 480 thura,
600 434 777 483 lyraeque
806 439 843 471 et
871 433 1117 482 Berecyntiae

242 500 489 538 Delectabere
519 500 629 536 tibiae

298 564 430 602 Mixtis
459 564 688 602 carminibus
718 574 797 600 non
826 563 907 600 sine
937 562 1084 610 fistula;

244 628 325 666 Illic
354 630 412 667 bis
442 629 548 678 pueri
577 628 637 666 die

298 694 453 731 Numen
483 705 570 731 cum
599 693 737 730 teneris
765 693 970 742 virginibus
999 699 1106 729 tuum

243 759 462 798 Laudantes
491 758 587 808 pede
617 758 779 796 candido

297 825 343 861 In
372 836 519 862 morem
550 824 691 861 Salium
720 830 775 861 ter
803 823 972 872 quatient
1000 823 1171 859 humum.

243 888 309 926 Me
339 902 408 928 nec
438 889 578 926 semina
606 901 677 927 nec
706 901 799 938 puer

295 954 378 991 Iam
407 967 477 992 nec
506 966 594 1003 spes
624 953 738 990 animi
768 952 919 990 credula
947 952 1079 998 mutui,

244 1018 326 1057 Nec
357 1026 497 1056 certare
527 1019 626 1056 iuvat
654 1030 771 1064 mero,

298 1084 381 1121 Nec
410 1084 548 1120 vincire
578 1084 686 1120 novis
714 1090 889 1131 tempora
916 1081 1084 1119 fioribus.

245 1147 319 1185 Sed
349 1161 415 1185 cur
443 1149 529 1194 heu,
561 1147 752 1197 Ligurine,
782 1159 848 1184 cur

295 1213 429 1250 Manat
457 1225 538 1250 rara
566 1224 671 1249 meas
700 1212 856 1250 lacrima
884 1224 952 1260 per
980 1211 1126 1260 genas?

240 1278 317 1316 Cur
346 1278 509 1316 facunda
537 1290 671 1326 parum
701 1276 841 1314 decoro

295 1343 399 1380 Inter
428 1344 542 1380 verba
571 1342 670 1380 cadit
698 1342 829 1391 lingua
858 1341 1035 1379 silentio?

240 1407 444 1445 Nocturnis
473 1420 547 1456 ego
576 1407 731 1445 somniis

292 1472 375 1509 Iam
404 1479 556 1521 captum
586 1479 711 1517 teneo,
741 1471 816 1509 iam
846 1470 1039 1508 volucrem
1071 1481 1210 1520 sequor

239 1536 298 1574 Te
328 1549 394 1585 per
423 1537 593 1585 gramina
623 1536 748 1573 Martii

292 1600 440 1651 Campi,
470 1610 505 1640 te
535 1615 602 1652 per
630 1613 758 1651 aquas,
789 1600 892 1646 dure,
922 1599 1114 1638 volubiles.

640 1933 772 1973 ODE
811 1934 861 1972 II.

288 2053 497 2093 Pmnisscm
525 2054 694 2105 quisquis
725 2055 851 2093 studet
881 2053 1071 2102 aemulari,

288 2119 380 2165 Iule,
411 2121 542 2158 ceratis
571 2132 646 2170 ope
675 2120 869 2158 Daedalea

287 2183 426 2222 Nititur
454 2186 590 2234 pennis
619 2185 735 2222 vitreo
765 2185 918 2222 daturus

449 2250 619 2287 Nomina
646 2256 781 2299 ponto.

1343 322 1385 344 20

1343 644 1380 676 25

1338 968 1381 998 30

1339 1290 1376 1322 35

1333 1614 1376 1646 40
