1507 2427
527 75 623 108 LIB.
644 75 709 108 IV.
751 75 824 107 OD.
843 75 911 107 IX.
1275 81 1344 106 121

261 179 415 217 Clarum
445 179 689 228 Tyndaridae
720 180 824 217 sidus
853 180 901 216 ab
929 178 1083 216 infimis-

258 245 430 291 Quassas
460 245 624 293 eripiunt
654 245 883 294 aequoribus
913 251 1024 289 rates,

260 308 429 347 Ornatus
457 310 564 347 viridi
593 316 768 359 tempora
796 310 982 359 pampino

258 372 374 412 Liber
403 382 493 413 vota
521 376 647 413 bonos
677 375 780 412 ducit
809 375 858 412 ad
887 374 1021 412 exitus.

597 646 731 686 ODE
768 646 840 686 IX.

311 768 376 807 NE
403 769 500 806 forte
530 768 663 806 credas
692 768 895 814 interitura,
925 780 1023 818 quae

310 832 446 882 Longe
476 840 679 870 sonantem
709 840 821 870 natus
850 833 899 870 ad
927 833 1112 870 Aufidum

366 896 458 934 Non
487 904 575 935 ante
603 897 774 946 volgatas
802 910 870 946 per
898 905 996 935 artes

415 961 545 999 Verba
572 962 710 1010 loquor
739 962 922 1000 socianda
951 962 1129 1000 chordis:

312 1026 414 1072 Non,
445 1027 476 1064 si
505 1028 652 1075 priores
682 1026 887 1064 Maeonius
916 1034 1020 1064 tenet
1326 1040 1344 1072 5

314 1091 434 1129 Sedes
464 1091 670 1137 Homerus,
701 1092 924 1130 Pindaricae
952 1092 1068 1130 latent

366 1155 546 1205 Ceaeque
575 1163 612 1193 et
641 1157 773 1194 Alcaei
801 1158 970 1195 minaces

418 1221 698 1271 Stesichorique
727 1235 860 1270 graves
890 1223 1105 1269 Camenae3

311 1285 406 1331 Nec,
437 1287 467 1323 si
496 1286 588 1335 quid
616 1287 708 1324 olim
737 1286 825 1324 lusit
855 1288 1071 1331 Anacreon,

309 1350 458 1388 Delevit
488 1358 620 1398 aetas3
660 1352 776 1400 spirat
805 1351 931 1389 adhuc
960 1363 1069 1389 amor
1307 1364 1347 1388 10

364 1414 582 1464 Vivuntque
614 1416 809 1453 commissi
838 1416 984 1454 calores

420 1481 577 1518 Aeoliae
606 1481 745 1519 fidibus
773 1481 932 1530 puellae.

311 1544 405 1582 Non
434 1546 515 1583 sola
544 1553 721 1595 comptos
750 1547 838 1583 arsit
866 1546 1024 1584 adulteri

313 1615 448 1653 Crines
478 1623 515 1653 et
544 1628 676 1653 aurum
705 1616 872 1654 vestibus
901 1617 1033 1654 illitum

364 1680 502 1718 Mirata
531 1681 755 1730 regalesque
785 1682 907 1719 cultus
1305 1695 1342 1728 15

415 1745 466 1783 Et
494 1747 652 1784 comites
683 1746 835 1783 Helene
865 1745 1054 1792 Lacaena,

308 1810 502 1848 Primusve
532 1811 684 1848 Teucer
712 1811 786 1848 tela
817 1810 996 1860 Cydonio

310 1875 455 1913 Direxit
484 1888 596 1922 arcu;
634 1888 715 1913 non
745 1876 863 1913 semel
892 1877 983 1914 Ilios

361 1940 511 1978 Vexata
526 1954 535 1987 3
579 1952 659 1977 non
687 1941 871 1989 pugnavit
898 1942 1034 1990 ingens

416 2004 648 2042 Idomeneus
679 2005 925 2042 Sthenelusve
956 2006 1059 2043 solus
1301 2020 1342 2043 20

308 2069 485 2107 Dicenda
514 2069 637 2107 Musis
666 2071 812 2119 proelia
828 2083 839 2116 3
879 2083 959 2108 non
989 2071 1095 2108 ferox

308 2133 454 2171 Hector
482 2135 539 2171 vel
568 2147 654 2172 acer
682 2134 913 2184 Deiphobus
942 2148 1076 2184 graves
1137 2123 1140 2125 .

359 2198 521 2247 Excepit
549 2200 644 2236 ictus
673 2212 742 2248 pro
773 2200 920 2248 pudicis

415 2254 653 2313 Coniugibus
681 2266 885 2315 puerisque
914 2266 1070 2316 primus.
