1507 2427
510 88 606 120 LJB.
627 88 680 119 II.
723 87 796 118 Ol).
816 86 917 118 XVI.

244 192 335 230 Non
364 192 466 229 enim
497 202 615 239 gazae
646 201 770 238 neque
800 187 1009 225 consularis

246 257 470 294 Summovet
499 255 607 292 lictor
636 255 794 291 miseros
824 253 1004 289 tumultus

246 321 388 358 Mentis
417 326 453 356 et
482 330 590 356 curas
620 318 792 366 laqueata
821 318 965 355 circum

409 385 533 421 Tecta
562 383 744 420 volantes.

247 449 392 485 Vivitur
421 459 538 496 parvo
567 448 675 492 bene,
708 446 766 483 cui
796 452 996 494 paternum

249 513 433 562 Splendet
462 511 500 548 in
530 523 665 548 mensa
695 511 798 548 tenui
829 510 1001 555 salinum,

249 578 332 615 Nec
360 578 462 614 leves
491 588 650 613 somnos
679 576 791 613 timor
819 582 884 612 aut
913 575 1053 624 cupido

412 641 596 678 Sordidus
626 640 756 677 aufert.

251 706 355 752 Quid
383 706 486 743 brevi
516 705 632 742 sortes
661 705 868 741 iaculamur
897 715 991 741 aevo

251 771 400 808 Multa?
459 770 562 816 Quid
591 776 709 806 terras
739 769 811 806 alio
842 769 1007 806 calentes

252 835 340 873 Sole
369 835 591 872 mutamus?
648 835 795 871 Patriae
824 835 908 883 quis
938 833 1045 871 exsul

413 901 461 938 Se
490 912 644 949 quoque
674 899 793 947 fugit?

253 965 409 1003 Scandit
437 971 583 1002 aeratas
612 964 746 1001 vitiosa
775 976 891 1001 naves

254 1030 355 1068 Cura
384 1043 454 1067 nec
484 1037 628 1067 turmas
658 1029 827 1077 equitum
856 1030 1041 1080 relinquit,

254 1094 371 1132 Ocior
401 1095 519 1132 cervis
548 1100 584 1131 et
613 1100 751 1142 agente
780 1094 933 1132 nimbos

416 1159 535 1197 Ocior
564 1158 679 1195 Euro.

253 1224 394 1262 Laetus
424 1224 463 1260 in
492 1236 673 1272 praesens
703 1223 851 1260 animus
882 1223 987 1272 quod
1015 1223 1108 1260 ultra
1136 1230 1192 1261 est

254 1289 388 1327 Oderit
416 1301 549 1342 cura-re
578 1295 615 1325 et
644 1301 774 1325 amara
803 1289 907 1325 lento

254 1353 464 1402 Temperet
492 1353 592 1399 risu;
634 1352 725 1389 nihil
755 1359 812 1390 est
840 1354 889 1389 ab
919 1353 1025 1390 omni

415 1417 525 1455 Parte
553 1419 720 1454 beatum.

254 1482 422 1519 Abstulit
452 1483 595 1519 clarum
624 1482 696 1519 cita
724 1494 829 1519 mors
859 1481 1058 1528 Achillem,

253 1547 393 1596 Longa
421 1547 633 1584 Tithonum
661 1547 797 1583 minuit
826 1555 1012 1593 senectus,

253 1610 302 1648 Et
330 1611 422 1647 mihi
452 1610 592 1656 forsan,
622 1611 688 1647 tibi
718 1611 824 1660 quod
851 1613 1009 1659 negarit,

415 1675 589 1724 Porriget
617 1675 719 1712 hora.

255 1739 316 1777 Te
345 1752 481 1789 greges
511 1747 664 1777 centum
695 1740 920 1790 Siculaeque
950 1741 1093 1779 circum

257 1804 437 1853 Mugiunt
465 1816 613 1850 vaccae,
642 1805 708 1841 tibi
737 1805 831 1842 tollit
860 1805 1048 1842 hinnitum

256 1869 359 1917 Apta
387 1869 578 1917 quadrigis
608 1881 718 1918 equa,
748 1875 784 1907 te
814 1871 872 1907 bis
901 1869 994 1907 Afro

417 1932 564 1970 Murice
592 1933 731 1970 tinctae

257 1996 434 2034 Vestiunt
463 1998 597 2035 lanae:
636 1998 728 2034 mihi
756 2010 870 2046 parva
898 2010 983 2035 rura
1012 2005 1049 2035 et

259 2060 441 2109 Spiritum
471 2062 610 2099 Graiae
639 2068 794 2100 tenuem
824 2062 1016 2099 Camenae

258 2124 378 2164 Parca
406 2139 485 2163 non
515 2127 682 2164 mendax
712 2127 815 2164 dedit
844 2133 880 2164 et
909 2127 1118 2175 malignum

420 2191 608 2241 Spernere
637 2193 784 2242 volgus.

1285 83 1329 117 61

1300 268 1336 289 10

1303 915 1343 936 20

1305 2210 1345 2239 40
