1507 2427
189 65 237 91 20
542 60 675 92 HORA
687 60 718 91 Τ
713 60 760 91 II
786 61 814 92 C
812 61 842 91 A
846 61 982 92 RMJN
983 61 1060 93 UM

680 349 715 387 o
729 349 764 386 D
778 350 811 387 E
844 351 934 389 v11.
1498 334 1507 387 ἑ

185 489 424 527 LAUDABUNT
454 487 512 526 alii
542 487 680 525 claram
709 487 879 525 Rhodon
909 495 972 526 aut
1001 488 1210 539 Mytilenen

289 554 367 590 Aut
395 553 576 602 Epheson
604 552 803 590 bimarisve
834 552 1006 590 Corinthi
1499 565 1507 604 l

185 618 341 655 Moenia
370 618 426 654 vel
456 617 611 654 Baccho
642 617 798 654 Thebas
826 617 883 653 vel
914 617 1092 666 Apolline
1122 618 1296 667 Delphos
1500 606 1507 679 ἶ

290 681 464 730 Insignes
493 688 556 718 aut
586 682 771 719 Thessala
800 681 960 730 Tempe.

183 747 278 784 Sunt
307 747 443 796 quibus
470 758 589 783 unum
618 759 715 795 opus
744 752 812 791 est,
843 747 1006 783 intactae
1036 746 1199 784 Palladis
1228 748 1361 784 urbem
1403 762 1421 795 5

289 810 467 848 Carmine
496 817 680 859 perpetuo
711 811 900 847 celebrare
930 817 966 847 et
1494 809 1507 892 i

182 875 361 925 Undique
390 876 607 924 decerptam
637 875 749 912 fronti
778 887 1012 924 praeponere
1042 876 1190 913 olivam.
1495 887 1507 933 ἐξ

288 938 475 975 Plurimus
506 938 543 974 in
574 937 734 974 Iunonis
763 937 951 975 honorem
1499 940 1507 948 ”

181 1003 327 1053 Aptum
358 1002 454 1039 dicet
484 1002 589 1050 equis
619 1002 746 1049 Argos
776 1002 948 1050 ditesque
979 1001 1176 1050 Mycenas.
1496 1037 1505 1057 z

288 1066 354 1103 Me
384 1078 453 1103 nec
482 1072 559 1112 tam
588 1066 736 1114 patiens
766 1065 1036 1103 Lacedaemon
1385 1082 1423 1104 10
1494 1086 1505 1148 g

181 1131 264 1170 Nec
295 1138 371 1167 tarn
402 1130 574 1167 Larissae
604 1130 789 1179 percussit
818 1142 976 1179 campus
1005 1130 1170 1179 opimae,
1496 1152 1505 1170 »ι

288 1195 416 1241 Quam
447 1195 583 1232 domus
612 1195 811 1232 Albuneae
839 1195 1051 1232 resonantis
1494 1168 1505 1230 Ξ

182 1261 232 1297 Et
260 1272 442 1309 praeceps
470 1259 572 1296 Anio
603 1271 647 1296 ac
678 1259 839 1296 Tiburni
869 1259 974 1297 lucus
1000 1265 1036 1296 et
1065 1259 1141 1297 uda
1477 1231 1505 1318 a}

288 1324 494 1361 Mobilibus
524 1325 695 1373 pomaria
724 1325 821 1361 rivis.
1496 1321 1503 1338 ⁸¹

181 1389 301 1427 Albus
329 1396 369 1426 ut
397 1390 563 1426 obscuro
593 1389 762 1438 deterget
796 1388 923 1425 nubila
953 1388 1056 1425 caelo
1384 1403 1420 1435 15

289 1453 410 1502 Saepe
440 1454 566 1491 Notus
596 1466 720 1502 neque
750 1454 905 1502 parturit
934 1453 1074 1490 imbres

181 1519 380 1568 Perpetuo,
411 1519 465 1556 sic
494 1526 533 1555 tu
563 1519 714 1567 sapiens
746 1518 852 1554 finire
881 1524 1078 1555 memento

288 1583 495 1621 Tristitiam
523 1584 695 1632 vitaeque
725 1583 874 1620 labores

181 1648 300 1695 Molli,
330 1648 488 1694 Plance,¹
508 1660 627 1694 mero,
659 1659 725 1685 seu
754 1654 790 1685 te
819 1647 1001 1696 fulgentia
1035 1646 1153 1695 signis

288 1712 420 1751 Castra
448 1720 578 1750 tenent
607 1725 673 1750 seu
704 1713 822 1750 densa
851 1712 992 1750 tenebit
1382 1726 1421 1748 20

183 1777 335 1815 Tiburis
364 1778 497 1815 umbra
526 1779 589 1815 tui.
646 1777 797 1814 Teucer
828 1776 1019 1814 Salamina
1048 1782 1271 1825 patremque

289 1842 388 1880 Cum
417 1842 573 1891 fugeret,
602 1848 731 1879 tamen
759 1841 834 1879 uda
863 1841 992 1891 Lyaeo

182 1907 378 1956 Tempora
405 1907 570 1956 populea
598 1906 710 1943 fertur
739 1907 902 1944 vinxisse
932 1917 1085 1951 corona,

291 1971 353 2009 Sic
382 1972 504 2008 tristes
533 1971 670 2008 affatus
698 1971 867 2008 amicos:

183 2037 274 2083 Quo
304 2049 375 2074 nos
405 2048 554 2085 cunque
583 2036 675 2073 feret
702 2036 834 2072 melior
863 2035 1013 2073 fortuna
1041 2041 1205 2084 parente,
1381 2046 1418 2080 ²5

290 2101 445 2146 Ibimus,
475 2112 499 2138 o
529 2101 620 2138 socii
649 2101 893 2149 comitesque.

185 2166 247 2204 Nil
277 2166 557 2214 desperandum
586 2165 738 2202 Teucro
769 2165 863 2201 duce
894 2170 930 2201 et
959 2164 1112 2213 auspice
1137 2162 1311 2207 Teucr03

292 2231 427 2269 Certus
455 2232 555 2267 enim
583 2230 756 2279 promisit
784 2229 938 2280 Apollo,
