1507 2427
488 57 583 89 LIB.
603 57 633 89 J.
678 57 751 89 OD.
771 57 896 89 XXII.

165 162 243 200 Hie
272 161 412 199 bellum
441 161 695 207 lacrimosum,
725 161 786 199 hie
815 162 993 199 miseram
1024 161 1164 198 famem

165 226 393 275 Pestemque
423 238 444 263 a
473 226 618 275 populo
649 233 684 264 et
713 227 883 276 principe
913 226 1079 264 Caesare
1107 226 1146 262 in

1260 65 1308 101 33

272 291 406 329 Persas
435 298 547 340 atque
577 291 779 329 Britannos

325 355 462 393 Vestra
489 362 617 393 motus
647 362 734 404 aget
762 367 883 404 prece.

530 619 566 659 O
579 620 615 657 D
628 620 662 657 E
699 620 828 658 XXII.

216 743 388 781 INTEGER
418 743 513 780 vitae
542 742 769 791 scelerisque
798 754 914 791 purus

217 807 309 845 Non
340 813 426 856 eget
456 807 600 844 Mauris
630 807 761 844 iaculis
790 820 915 856 neque
943 818 1034 844 arcu

217 872 301 910 Nec
329 873 522 910 venenatis
550 871 704 921 gravida
733 873 887 921 sagittis,

322 938 456 983 Fusce,
485 937 670 986 pharetra,

216 1001 300 1040 Sive
329 1015 397 1051 per
426 1003 553 1051 Syrtes
581 1003 650 1039 iter
678 1008 875 1040 aestuosas

217 1066 302 1104 Sive
331 1067 496 1104 facturus
525 1080 592 1116 per
620 1067 888 1117 inhospitalem

215 1132 431 1170 Caucasum
460 1133 518 1170 vel
547 1145 645 1182 quae
673 1133 759 1170 loca
788 1132 982 1170 fabulosus

323 1197 476 1234 Lambit
504 1197 720 1246 Hydaspes.

214 1261 396 1310 Namque
424 1273 486 1298 me
516 1261 607 1298 silva
635 1261 746 1310 lupus
776 1261 815 1298 in
846 1260 997 1306 Sabina,

212 1325 318 1363 Dum
347 1338 472 1363 meam
502 1332 615 1363 canto
646 1326 815 1375 Lalagen
845 1333 881 1364 et
909 1326 1006 1364 ultra

212 1391 443 1429 Terminum
473 1392 571 1429 curis
599 1403 716 1439 vagor
745 1391 944 1440 expeditis,

321 1457 434 1506 Fugit
462 1457 659 1502 inermem,

211 1521 336 1568 Quale
365 1528 582 1571 portentum
612 1533 737 1570 neque
766 1520 935 1558 militaris

210 1586 381 1624 Daunias
409 1587 493 1624 latis
522 1587 585 1623 alit
613 1586 823 1630 aesculetis,

210 1651 295 1690 Nec
323 1652 442 1689 Iubae
473 1652 580 1689 tellus
608 1656 764 1699 generat
792 1650 949 1688 leonum

316 1717 435 1754 Arida
464 1717 598 1753 nutrix.

210 1781 316 1819 Pone
345 1794 406 1818 me
437 1782 553 1830 pigris
583 1781 646 1818 ubi
676 1781 777 1818 nulla
806 1781 952 1829 campis

208 1847 336 1884 Arbor
363 1847 502 1884 aestiva
531 1854 719 1884 recreatur
748 1858 849 1892 aura,

211 1909 327 1957 Quod
356 1911 452 1948 latus
482 1912 617 1948 mundi
645 1911 808 1948 nebulae
837 1910 1037 1959 malusque

317 1975 488 2025 Iuppiter
516 1982 626 2024 urget
641 1989 651 2022 ;

209 2041 317 2078 Pone
347 2041 416 2079 sub
445 2053 555 2078 curru
584 2041 744 2077 nimium
773 2040 980 2090 propinqui

210 2105 309 2144 Solis
337 2106 376 2143 in
404 2112 502 2143 terra
532 2106 709 2143 domibus
738 2112 900 2154 negata:

207 2169 330 2208 Dulce
358 2170 544 2208 ridentem
573 2170 746 2218 Lalagen
775 2169 927 2215 amabo,

320 2235 444 2274 Dulce
470 2235 704 2286 loquentem.

661 2312 686 2337 D

1269 1341 1307 1362 10

1268 1665 1303 1696 Ι5

1264 1990 1303 2011 20
