1507 2427
475 79 570 111 LIB.
591 79 644 109 II.
687 78 760 109 OD.
781 77 846 109 IV.

196 185 321 223 Cedes
350 182 536 230 coemptis
567 181 721 218 saltibus
751 186 787 216 et
816 179 934 216 domo

196 250 382 298 Villaque,
412 248 529 284 flavus
558 258 673 294 quarn
703 244 854 282 Tiberis
883 243 980 287 lavit,

249 314 374 352 Cedes
402 319 439 349 et
467 310 663 348 exstructis
692 310 731 346 in
761 309 877 346 altum

304 377 450 414 Divitiis
480 376 645 424 potietur
674 374 795 411 heres.

197 443 363 480 Divesne
391 441 516 490 prisco
546 446 656 476 natus
685 439 733 475 ab
763 437 918 482 Inacho,

199 504 264 542 Nil
293 505 456 548 interest,
486 514 536 538 an
563 513 706 550 pauper
735 507 771 537 et
800 500 930 536 infima

252 569 312 606 De
342 574 454 616 gente
484 567 554 604 sub
583 566 670 603 divo
699 565 866 609 moreris,

306 632 472 669 Victima
500 631 551 668 nil
579 630 790 667 miserantis
820 629 921 666 Orci.

201 698 348 736 Omnes
378 696 516 733 eodem
545 695 728 743 cogimur,
758 694 932 731 omniurn

201 763 381 800 Versatur
409 773 504 797 urna
533 760 650 796 serius
680 759 787 796 ocius

257 826 346 864 Sors
375 826 517 862 exitura
546 831 582 861 et
610 835 682 861 nos
711 824 751 859 in
779 829 975 860 aeternum

308 890 494 928 Exsilium
523 889 748 937 impositura
777 887 948 925 cumbae.

544 1152 675 1191 ODE
712 1152 783 1189 IV.

206 1275 269 1313 NE
298 1275 344 1312 sit
371 1274 530 1312 ancillae
558 1274 624 1311 tibi
652 1285 760 1310 amor
789 1271 936 1321 pudori,

206 1339 373 1376 Xanthia
401 1339 580 1376 Phoceu!
630 1338 736 1375 Prius
766 1337 995 1374 insolentem

208 1404 323 1441 Serva
351 1404 488 1441 Briseis
518 1404 628 1439 niveo
659 1402 786 1439 colore

313 1468 435 1505 Movit
462 1468 668 1511 Achillem;

207 1534 329 1571 Movit
356 1534 514 1570 Aiacem
543 1533 756 1570 Telamone
784 1538 916 1568 natum

208 1599 351 1636 Forma
379 1599 549 1647 captivae
579 1598 778 1635 dominum
809 1597 1061 1641 Tecmessae;

209 1664 311 1702 Arsit
339 1663 490 1700 Atrides
518 1662 645 1700 medio
674 1663 714 1699 in
742 1661 934 1710 triumpho

316 1727 474 1776 Virgine
502 1734 622 1776 rapta,

210 1793 399 1830 Barbarae
427 1800 633 1841 postquam
662 1791 832 1828 cecidere
862 1797 1007 1827 turmae

210 1857 398 1894 Thessalo
427 1857 567 1894 victore
597 1864 634 1894 et
663 1856 864 1904 ademptus
892 1855 1040 1892 Hector

210 1921 386 1959 Tradidit
414 1921 521 1958 fessis
550 1920 691 1958 leviora
719 1921 799 1958 tolli

318 1983 506 2032 Pergama
536 1982 658 2020 Grais.

212 2048 382 2093 Nescias‚
413 2060 462 2084 an
491 2054 528 2084 te
555 2059 741 2095 generum
769 2048 869 2085 beati

210 2112 391 2162 Phyllidis
419 2112 538 2149 flavae
568 2111 748 2150 decorent
777 2118 980 2161 parentes:

212 2177 376 2227 Regium
405 2184 504 2215 certe
533 2189 655 2226 genus
685 2184 722 2214 et
750 2183 908 2225 penates

320 2242 467 2280 Maeret
494 2243 655 2292 iniquos.

663 2317 692 2343 Ε

1234 81 1282 116 49

1262 1868 1301 1890 10
