1507 2427
178 59 283 92 60>

531 64 666 96 ΗΘΚΛ
676 66 751 97 Tll
777 67 1054 100 CARMJNUM

673 180 806 218 ODE
843 181 932 220 XV.

337 276 412 314 IAM
441 289 564 326 pauca
593 284 716 315 aratro
745 279 877 326 iugera
905 280 1032 328 regiae

337 340 462 378 Moles
489 342 713 390 relinquent,
743 342 910 391 undique
940 344 1051 381 latius

389 405 555 443 Extenta
583 407 747 443 visentur
776 406 942 444 Lucrino

445 469 588 518 Stagna
615 470 712 516 lacu,
742 471 993 520 platanusque
1023 471 1174 510 caelebs

336 532 496 572 Evincet
524 535 674 580 ulmos3
714 541 794 571 tum
824 536 977 573 violaria
1006 543 1042 573 et

337 597 485 647 Myrtus
514 606 550 636 et
579 600 704 637 omnis
734 600 847 648 copia
877 601 1027 638 narium

391 662 580 712 Spargent
609 664 752 701 olivetis
781 664 940 702 odorem

444 727 642 765 Fertilibus
671 729 829 766 domino
859 730 973 778 priori
989 742 999 776 ;

337 792 440 828 Tum
470 793 593 840 spissa
621 794 734 830 ramis
763 793 891 831 laurea
917 794 1081 832 fervidos

337 856 522 894 Excludet
549 858 656 895 ictus.
714 857 806 895 Non
835 859 886 895 ita
916 859 1072 896 Romuli

392 921 669 970 Praescriptum
698 930 734 960 et
763 923 904 960 intonsi
935 923 1093 960 Catonis

444 986 634 1034 Auspiciis
663 994 905 1035 veterumque
934 999 1081 1024 norma.

338 1050 506 1087 Privatus
536 1051 605 1087 illis
635 1063 772 1088 census
801 1059 878 1088 erat
908 1052 1043 1096 brevis,

337 1113 555 1151 Commune
583 1127 790 1163 magnum:
831 1115 935 1152 nulla
962 1114 1206 1164 decempedis

391 1178 537 1215 Metata
564 1180 717 1228 privatis
747 1191 911 1228 opacam

444 1242 617 1280 Porticus
647 1244 861 1292 excipiebat
889 1243 1048 1289 Arcton,

338 1306 422 1343 Nec
452 1306 645 1344 fortuitum
676 1319 850 1355 spernere
880 1310 1088 1357 caespitem

338 1371 462 1419 Leges
492 1372 678 1417 sinebant,
708 1372 851 1420 oppida
880 1373 1034 1421 publico

393 1435 554 1483 Sumptu
582 1436 754 1472 iubentes
783 1443 820 1472 et
849 1436 1008 1473 deorum

444 1498 610 1548 Templa
637 1512 738 1537 novo
768 1500 947 1537 decorare
976 1512 1079 1538 saxo.

659 1685 791 1723 ODE
829 1687 937 1724 XVI.

338 1785 472 1822 OTIUM
503 1784 610 1822 divos
638 1790 746 1832 rogat
774 1784 813 1820 in
841 1784 986 1832 patenti

338 1850 501 1886 Prensus
530 1849 702 1898 Aegaeo,
733 1848 843 1885 simul
873 1855 952 1885 atra
982 1849 1104 1886 nubes

338 1913 519 1951 Condidit
547 1914 676 1950 lunam
706 1925 830 1961 neque
859 1920 960 1950 certa
987 1913 1134 1961 fulgent

500 1977 632 2015 Sidera
660 1978 783 2014 nautis
801 1990 809 2023 ;

338 2043 469 2080 Otium
497 2042 596 2079 bello
626 2042 768 2079 furiosa
797 2042 960 2087 Thrace,

339 2107 469 2144 Otium
500 2107 606 2144 Medi
634 2107 810 2156 pharetra
839 2107 978 2151 decori,

338 2172 528 2221 Grosphe,
557 2184 637 2208 non
666 2172 828 2220 gemmis
858 2184 983 2221 neque
1013 2183 1178 2221 purpura
1209 2184 1271 2210 ve·

497 2236 582 2273 nale
610 2247 735 2284 neque
765 2247 867 2273 auro.

1387 1517 1428 1539 20
