<?xml version="1.0" encoding="UTF-8"?>
<!DOCTYPE html PUBLIC "-//W3C//DTD XHTML 1.0 Transitional//EN"
    "http://www.w3.org/TR/xhtml1/DTD/xhtml1-transitional.dtd">
<html xmlns="http://www.w3.org/1999/xhtml" xml:lang="en" lang="en">
 <head>
  <title>
</title>
<meta http-equiv="Content-Type" content="text/html;charset=utf-8" />
  <meta name='ocr-system' content='tesseract 3.04.00' />
  <meta name='ocr-capabilities' content='ocr_page ocr_carea ocr_par ocr_line ocrx_word'/>
</head>
<body>
  <div class='ocr_page' id='page_1' title='image "./quintihoratiifl01horauoft_0103.png"; bbox 0 0 1507 2427; ppageno 0'>
   <div class='ocr_carea' id='block_1_1' title="bbox 508 100 862 132">
    <p class='ocr_par' dir='ltr' id='par_1_1' title="bbox 508 100 862 132">
     <span class='ocr_line' id='line_1_1' title="bbox 508 100 862 132; baseline 0.003 -1"><span class='ocrx_word' id='word_1_1' title='bbox 508 101 598 131; x_wconf 85' lang='lat' dir='ltr'><em>LlB.</em></span> <span class='ocrx_word' id='word_1_2' title='bbox 623 100 692 132; x_wconf 84' lang='lat' dir='ltr'><em>lll.</em></span> <span class='ocrx_word' id='word_1_3' title='bbox 738 100 810 132; x_wconf 86' lang='lat' dir='ltr'>OD.</span> <span class='ocrx_word' id='word_1_4' title='bbox 832 101 862 132; x_wconf 84' lang='lat' dir='ltr'>J.</span> 
     </span>
    </p>
   </div>
   <div class='ocr_carea' id='block_1_2' title="bbox 196 159 414 192">
    <p class='ocr_par' dir='ltr' id='par_1_2' title="bbox 196 159 414 192">
     <span class='ocr_line' id='line_1_2' title="bbox 196 159 414 192; baseline 0 -14"><span class='ocrx_word' id='word_1_5' title='bbox 196 169 230 192; x_wconf 26' lang='lat' dir='ltr'>{vj</span> <span class='ocrx_word' id='word_1_6' title='bbox 272 159 373 182; x_wconf 47' lang='lat' dir='ltr'>⁴2:¹5⁶ss</span> <span class='ocrx_word' id='word_1_7' title='bbox 411 170 414 172; x_wconf 91' lang='lat'><em>-</em></span> 
     </span>
    </p>
   </div>
   <div class='ocr_carea' id='block_1_3' title="bbox 228 203 1106 319">
    <p class='ocr_par' dir='ltr' id='par_1_3' title="bbox 228 203 1106 319">
     <span class='ocr_line' id='line_1_3' title="bbox 229 203 1106 254; baseline -0.001 -12"><span class='ocrx_word' id='word_1_8' title='bbox 229 204 381 254; x_wconf 85' lang='lat' dir='ltr'>Regum</span> <span class='ocrx_word' id='word_1_9' title='bbox 410 204 662 242; x_wconf 87' lang='lat' dir='ltr'>timendorum</span> <span class='ocrx_word' id='word_1_10' title='bbox 692 205 729 241; x_wconf 90' lang='lat' dir='ltr'>in</span> <span class='ocrx_word' id='word_1_11' title='bbox 759 203 933 253; x_wconf 86' lang='lat' dir='ltr'>proprios</span> <span class='ocrx_word' id='word_1_12' title='bbox 962 215 1106 253; x_wconf 84' lang='lat' dir='ltr'><strong>greges,</strong></span> 
     </span>
     <span class='ocr_line' id='line_1_4' title="bbox 228 269 1000 319; baseline -0.003 -12"><span class='ocrx_word' id='word_1_13' title='bbox 228 269 356 318; x_wconf 82' lang='lat' dir='ltr'><strong>Reges</strong></span> <span class='ocrx_word' id='word_1_14' title='bbox 386 271 423 307; x_wconf 88' lang='lat' dir='ltr'>in</span> <span class='ocrx_word' id='word_1_15' title='bbox 452 271 556 319; x_wconf 89' lang='lat' dir='ltr'>ipsos</span> <span class='ocrx_word' id='word_1_16' title='bbox 585 270 786 319; x_wconf 87' lang='lat' dir='ltr'>imperium</span> <span class='ocrx_word' id='word_1_17' title='bbox 814 276 871 307; x_wconf 90' lang='lat' dir='ltr'>est</span> <span class='ocrx_word' id='word_1_18' title='bbox 899 269 1000 306; x_wconf 85' lang='lat' dir='ltr'>Iovis</span> 
     </span>
    </p>
   </div>
   <div class='ocr_carea' id='block_1_4' title="bbox 281 325 1222 384">
    <p class='ocr_par' dir='ltr' id='par_1_4' title="bbox 281 325 1222 384">
     <span class='ocr_line' id='line_1_5' title="bbox 281 325 1222 384; baseline 0.001 -13"><span class='ocrx_word' id='word_1_19' title='bbox 281 334 379 380; x_wconf 53' lang='lat' dir='ltr'>Cl-a-ri</span> <span class='ocrx_word' id='word_1_20' title='bbox 411 334 600 384; x_wconf 84' lang='lat' dir='ltr'>Giganteo</span> <span class='ocrx_word' id='word_1_21' title='bbox 630 335 833 383; x_wconf 84' lang='lat' dir='ltr'>triumpho,</span> <span class='ocrx_word' id='word_1_22' title='bbox 857 339 975 373; x_wconf 40' lang='lat' dir='ltr'>aas,</span> <span class='ocrx_word' id='word_1_23' title='bbox 1016 325 1036 356; x_wconf 84' lang='lat'>.&#39;</span> <span class='ocrx_word' id='word_1_24' title='bbox 1074 351 1083 355; x_wconf 57' lang='lat'>¹¹</span> <span class='ocrx_word' id='word_1_25' title='bbox 1107 344 1121 350; x_wconf 66' lang='lat'>‘¹</span> <span class='ocrx_word' id='word_1_26' title='bbox 1179 348 1183 352; x_wconf 80' lang='grc'><em>’</em></span> <span class='ocrx_word' id='word_1_27' title='bbox 1219 336 1222 339; x_wconf 84' lang='grc'><em>“</em></span> 
     </span>
    </p>
   </div>
   <div class='ocr_carea' id='block_1_5' title="bbox 226 399 958 724">
    <p class='ocr_par' dir='ltr' id='par_1_5' title="bbox 226 399 949 582">
     <span class='ocr_line' id='line_1_6' title="bbox 334 399 933 448; baseline -0.002 -12"><span class='ocrx_word' id='word_1_28' title='bbox 334 399 481 437; x_wconf 86' lang='lat' dir='ltr'>Cuncta</span> <span class='ocrx_word' id='word_1_29' title='bbox 510 399 709 448; x_wconf 87' lang='lat' dir='ltr'>supercilio</span> <span class='ocrx_word' id='word_1_30' title='bbox 739 399 933 436; x_wconf 76' lang='lat' dir='ltr'>moventis„</span> 
     </span>
     <span class='ocr_line' id='line_1_7' title="bbox 229 468 875 514; baseline -0.002 -8"><span class='ocrx_word' id='word_1_31' title='bbox 229 468 308 514; x_wconf 88' lang='lat' dir='ltr'>Est,</span> <span class='ocrx_word' id='word_1_32' title='bbox 337 475 377 505; x_wconf 87' lang='lat' dir='ltr'>ut</span> <span class='ocrx_word' id='word_1_33' title='bbox 404 469 483 505; x_wconf 91' lang='lat' dir='ltr'>viro</span> <span class='ocrx_word' id='word_1_34' title='bbox 511 469 564 505; x_wconf 90' lang='lat' dir='ltr'>vir</span> <span class='ocrx_word' id='word_1_35' title='bbox 591 469 699 505; x_wconf 85' lang='lat' dir='ltr'>latius</span> <span class='ocrx_word' id='word_1_36' title='bbox 728 468 875 505; x_wconf 87' lang='lat' dir='ltr'>ordinet</span> 
     </span>
     <span class='ocr_line' id='line_1_8' title="bbox 226 533 949 582; baseline -0.001 -12"><span class='ocrx_word' id='word_1_37' title='bbox 226 534 391 570; x_wconf 79' lang='lat' dir='ltr'>Arbusta</span> <span class='ocrx_word' id='word_1_38' title='bbox 420 533 541 578; x_wconf 88' lang='lat' dir='ltr'>sulcis,</span> <span class='ocrx_word' id='word_1_39' title='bbox 571 533 631 570; x_wconf 87' lang='lat' dir='ltr'>hic</span> <span class='ocrx_word' id='word_1_40' title='bbox 659 534 878 582; x_wconf 72' lang='lat' dir='ltr'>generosior</span> <span class='ocrx_word' id='word_1_41' title='bbox 931 537 949 551; x_wconf 58' lang='lat'>⁴¹</span> 
     </span>
    </p>

    <p class='ocr_par' dir='ltr' id='par_1_6' title="bbox 279 597 957 647">
     <span class='ocr_line' id='line_1_9' title="bbox 279 597 957 647; baseline 0 -13"><span class='ocrx_word' id='word_1_42' title='bbox 279 597 497 635; x_wconf 86' lang='lat' dir='ltr'>Descendat</span> <span class='ocrx_word' id='word_1_43' title='bbox 525 599 563 634; x_wconf 92' lang='lat' dir='ltr'>in</span> <span class='ocrx_word' id='word_1_44' title='bbox 592 598 782 647; x_wconf 89' lang='lat' dir='ltr'>Campum</span> <span class='ocrx_word' id='word_1_45' title='bbox 813 599 957 647; x_wconf 88' lang='lat' dir='ltr'>petitor,</span> 
     </span>
    </p>

    <p class='ocr_par' dir='ltr' id='par_1_7' title="bbox 312 661 958 724">
     <span class='ocr_line' id='line_1_10' title="bbox 312 661 958 724; baseline -0.002 -23.979"><span class='ocrx_word' id='word_1_46' title='bbox 312 661 504 724; x_wconf 89' lang='lat' dir='ltr'>Moribus</span> <span class='ocrx_word' id='word_1_47' title='bbox 533 663 592 699; x_wconf 87' lang='lat' dir='ltr'>hic</span> <span class='ocrx_word' id='word_1_48' title='bbox 622 663 828 711; x_wconf 84' lang='lat' dir='ltr'>meliorque</span> <span class='ocrx_word' id='word_1_49' title='bbox 858 663 958 699; x_wconf 88' lang='lat' dir='ltr'>fama</span> 
     </span>
    </p>
   </div>
   <div class='ocr_carea' id='block_1_6' title="bbox 175 716 889 779">
    <p class='ocr_par' dir='ltr' id='par_1_8' title="bbox 175 716 889 779">
     <span class='ocr_line' id='line_1_11' title="bbox 175 716 889 779; baseline -0.002 -8.923"><span class='ocrx_word' id='word_1_50' title='bbox 175 716 453 779; x_wconf 73' lang='lat' dir='ltr'>Contendat</span> <span class='ocrx_word' id='word_1_51' title='bbox 483 733 534 769; x_wconf 87' lang='lat' dir='ltr'>illi</span> <span class='ocrx_word' id='word_1_52' title='bbox 562 733 670 770; x_wconf 87' lang='lat' dir='ltr'>turba</span> <span class='ocrx_word' id='word_1_53' title='bbox 698 733 889 770; x_wconf 88' lang='lat' dir='ltr'>clientium</span> 
     </span>
    </p>
   </div>
   <div class='ocr_carea' id='block_1_7' title="bbox 227 790 1228 855">
    <p class='ocr_par' dir='ltr' id='par_1_9' title="bbox 227 790 1228 855">
     <span class='ocr_line' id='line_1_12' title="bbox 227 790 1228 855; baseline -0.001 -21"><span class='ocrx_word' id='word_1_54' title='bbox 227 797 282 834; x_wconf 89' lang='lat' dir='ltr'>Sit</span> <span class='ocrx_word' id='word_1_55' title='bbox 310 797 453 834; x_wconf 88' lang='lat' dir='ltr'>maior:</span> <span class='ocrx_word' id='word_1_56' title='bbox 493 809 615 855; x_wconf 46' lang='lat' dir='ltr'>aegila</span> <span class='ocrx_word' id='word_1_57' title='bbox 642 797 725 846; x_wconf 88' lang='lat' dir='ltr'>lege</span> <span class='ocrx_word' id='word_1_58' title='bbox 756 797 971 835; x_wconf 80' lang='lat' dir='ltr'>Necessitas</span> <span class='ocrx_word' id='word_1_59' title='bbox 1094 800 1116 811; x_wconf 63' lang='lat'><strong>²</strong></span> <span class='ocrx_word' id='word_1_60' title='bbox 1172 791 1174 795; x_wconf 67' lang='grc'>’</span> <span class='ocrx_word' id='word_1_61' title='bbox 1226 790 1228 792; x_wconf 59' lang='grc'><strong>’</strong></span> 
     </span>
    </p>
   </div>
   <div class='ocr_carea' id='block_1_8' title="bbox 280 861 1069 976">
    <p class='ocr_par' dir='ltr' id='par_1_10' title="bbox 280 861 1069 976">
     <span class='ocr_line' id='line_1_13' title="bbox 280 861 849 911; baseline 0.002 -13"><span class='ocrx_word' id='word_1_62' title='bbox 280 861 438 899; x_wconf 87' lang='lat' dir='ltr'>Sortitur</span> <span class='ocrx_word' id='word_1_63' title='bbox 466 862 635 911; x_wconf 80' lang='lat' dir='ltr'>insignes</span> <span class='ocrx_word' id='word_1_64' title='bbox 663 869 700 899; x_wconf 84' lang='lat' dir='ltr'>et</span> <span class='ocrx_word' id='word_1_65' title='bbox 728 863 849 908; x_wconf 79' lang='lat' dir='ltr'>imos3</span> 
     </span>
     <span class='ocr_line' id='line_1_14' title="bbox 333 926 1069 976; baseline -0.004 -11"><span class='ocrx_word' id='word_1_66' title='bbox 333 926 460 965; x_wconf 85' lang='lat' dir='ltr'><strong>Omne</strong></span> <span class='ocrx_word' id='word_1_67' title='bbox 489 939 609 976; x_wconf 80' lang='lat' dir='ltr'>capax</span> <span class='ocrx_word' id='word_1_68' title='bbox 638 934 764 964; x_wconf 88' lang='lat' dir='ltr'>movet</span> <span class='ocrx_word' id='word_1_69' title='bbox 792 938 887 963; x_wconf 89' lang='lat' dir='ltr'>urna</span> <span class='ocrx_word' id='word_1_70' title='bbox 916 937 1069 963; x_wconf 87' lang='lat' dir='ltr'>nomen.</span> 
     </span>
    </p>
   </div>
   <div class='ocr_carea' id='block_1_9' title="bbox 225 996 1097 1769">
    <p class='ocr_par' dir='ltr' id='par_1_11' title="bbox 225 996 994 1174">
     <span class='ocr_line' id='line_1_15' title="bbox 225 996 936 1045; baseline -0.004 -10"><span class='ocrx_word' id='word_1_71' title='bbox 225 997 436 1035; x_wconf 88' lang='lat' dir='ltr'>Destrictus</span> <span class='ocrx_word' id='word_1_72' title='bbox 465 998 564 1035; x_wconf 88' lang='lat' dir='ltr'>ensis</span> <span class='ocrx_word' id='word_1_73' title='bbox 593 997 652 1034; x_wconf 88' lang='lat' dir='ltr'>cui</span> <span class='ocrx_word' id='word_1_74' title='bbox 682 1009 792 1045; x_wconf 89' lang='lat' dir='ltr'>super</span> <span class='ocrx_word' id='word_1_75' title='bbox 821 996 936 1045; x_wconf 88' lang='lat' dir='ltr'>impia</span> 
     </span>
     <span class='ocr_line' id='line_1_16' title="bbox 227 1061 994 1110; baseline -0.001 -11"><span class='ocrx_word' id='word_1_76' title='bbox 227 1062 382 1099; x_wconf 85' lang='lat' dir='ltr'>Cervice</span> <span class='ocrx_word' id='word_1_77' title='bbox 411 1062 562 1110; x_wconf 79' lang='lat' dir='ltr'>pendet,</span> <span class='ocrx_word' id='word_1_78' title='bbox 591 1074 671 1099; x_wconf 92' lang='lat' dir='ltr'>non</span> <span class='ocrx_word' id='word_1_79' title='bbox 702 1061 848 1098; x_wconf 81' lang='lat' dir='ltr'>Siculae</span> <span class='ocrx_word' id='word_1_80' title='bbox 877 1061 994 1110; x_wconf 88' lang='lat' dir='ltr'>dapes</span> 
     </span>
     <span class='ocr_line' id='line_1_17' title="bbox 279 1126 931 1174; baseline -0.002 -12"><span class='ocrx_word' id='word_1_81' title='bbox 279 1126 440 1163; x_wconf 90' lang='lat' dir='ltr'>Dulcem</span> <span class='ocrx_word' id='word_1_82' title='bbox 469 1126 715 1163; x_wconf 80' lang='lat' dir='ltr'>elaborabunt</span> <span class='ocrx_word' id='word_1_83' title='bbox 743 1137 931 1174; x_wconf 87' lang='lat' dir='ltr'>saporem,</span> 
     </span>
    </p>

    <p class='ocr_par' dir='ltr' id='par_1_12' title="bbox 226 1191 1097 1378">
     <span class='ocr_line' id='line_1_18' title="bbox 333 1191 1008 1239; baseline -0.003 -11"><span class='ocrx_word' id='word_1_84' title='bbox 333 1191 424 1228; x_wconf 88' lang='lat' dir='ltr'>Non</span> <span class='ocrx_word' id='word_1_85' title='bbox 454 1192 577 1228; x_wconf 86' lang='lat' dir='ltr'>avium</span> <span class='ocrx_word' id='word_1_86' title='bbox 607 1191 847 1239; x_wconf 78' lang='lat' dir='ltr'>citharaeque</span> <span class='ocrx_word' id='word_1_87' title='bbox 876 1197 1008 1228; x_wconf 85' lang='lat' dir='ltr'>cantus</span> 
     </span>
     <span class='ocr_line' id='line_1_19' title="bbox 227 1261 1092 1309; baseline -0.002 -10"><span class='ocrx_word' id='word_1_88' title='bbox 227 1262 414 1300; x_wconf 87' lang='lat' dir='ltr'>Somnum</span> <span class='ocrx_word' id='word_1_89' title='bbox 443 1261 635 1299; x_wconf 88' lang='lat' dir='ltr'>reducent.</span> <span class='ocrx_word' id='word_1_90' title='bbox 693 1261 858 1299; x_wconf 87' lang='lat' dir='ltr'>Somnus</span> <span class='ocrx_word' id='word_1_91' title='bbox 887 1261 1092 1309; x_wconf 82' lang='lat' dir='ltr'>agrestium</span> 
     </span>
     <span class='ocr_line' id='line_1_20' title="bbox 226 1325 1097 1378; baseline -0.002 -15"><span class='ocrx_word' id='word_1_92' title='bbox 226 1326 340 1363; x_wconf 88' lang='lat' dir='ltr'>Lenis</span> <span class='ocrx_word' id='word_1_93' title='bbox 369 1327 533 1363; x_wconf 87' lang='lat' dir='ltr'>virorum</span> <span class='ocrx_word' id='word_1_94' title='bbox 562 1339 641 1363; x_wconf 90' lang='lat' dir='ltr'>non</span> <span class='ocrx_word' id='word_1_95' title='bbox 669 1326 829 1363; x_wconf 83' lang='lat' dir='ltr'>humiles</span> <span class='ocrx_word' id='word_1_96' title='bbox 858 1325 995 1362; x_wconf 86' lang='lat' dir='ltr'>domos</span> <span class='ocrx_word' id='word_1_97' title='bbox 1036 1374 1039 1378; x_wconf 31' lang='grc'>1</span> <span class='ocrx_word' id='word_1_98' title='bbox 1074 1363 1097 1370; x_wconf 15' lang='grc' dir='ltr'>,γ</span> 
     </span>
    </p>

    <p class='ocr_par' dir='ltr' id='par_1_13' title="bbox 279 1380 1039 1440">
     <span class='ocr_line' id='line_1_21' title="bbox 279 1380 1039 1440; baseline -0.003 -12"><span class='ocrx_word' id='word_1_99' title='bbox 279 1390 436 1440; x_wconf 83' lang='lat' dir='ltr'>Fastidit</span> <span class='ocrx_word' id='word_1_100' title='bbox 465 1392 760 1440; x_wconf 83' lang='lat' dir='ltr'>umbrosamque</span> <span class='ocrx_word' id='word_1_101' title='bbox 788 1391 918 1439; x_wconf 83' lang='lat' dir='ltr'>ripam,</span> <span class='ocrx_word' id='word_1_102' title='bbox 1037 1380 1039 1383; x_wconf 38' lang='lat'>¹</span> 
     </span>
    </p>

    <p class='ocr_par' dir='ltr' id='par_1_14' title="bbox 225 1455 1004 1635">
     <span class='ocr_line' id='line_1_22' title="bbox 334 1455 994 1505; baseline -0.003 -12"><span class='ocrx_word' id='word_1_103' title='bbox 334 1455 425 1494; x_wconf 93' lang='lat' dir='ltr'>Non</span> <span class='ocrx_word' id='word_1_104' title='bbox 455 1456 636 1505; x_wconf 87' lang='lat' dir='ltr'>Zephyris</span> <span class='ocrx_word' id='word_1_105' title='bbox 665 1456 805 1504; x_wconf 86' lang='lat' dir='ltr'>agitata</span> <span class='ocrx_word' id='word_1_106' title='bbox 833 1455 994 1504; x_wconf 88' lang='lat' dir='ltr'>Tempe.</span> 
     </span>
     <span class='ocr_line' id='line_1_23' title="bbox 225 1526 1004 1575; baseline -0.003 -12"><span class='ocrx_word' id='word_1_107' title='bbox 225 1526 513 1564; x_wconf 87' lang='lat' dir='ltr'>Desiderantem</span> <span class='ocrx_word' id='word_1_108' title='bbox 543 1526 648 1575; x_wconf 89' lang='lat' dir='ltr'>quod</span> <span class='ocrx_word' id='word_1_109' title='bbox 677 1526 766 1563; x_wconf 89' lang='lat' dir='ltr'>satis</span> <span class='ocrx_word' id='word_1_110' title='bbox 795 1531 851 1562; x_wconf 87' lang='lat' dir='ltr'>est</span> <span class='ocrx_word' id='word_1_111' title='bbox 881 1536 1004 1573; x_wconf 88' lang='lat' dir='ltr'>neque</span> 
     </span>
     <span class='ocr_line' id='line_1_24' title="bbox 226 1591 866 1635; baseline -0.002 -7"><span class='ocrx_word' id='word_1_112' title='bbox 226 1591 523 1628; x_wconf 87' lang='lat' dir='ltr'>Tumultuosum</span> <span class='ocrx_word' id='word_1_113' title='bbox 552 1591 725 1628; x_wconf 78' lang='lat' dir='ltr'>sollicitat</span> <span class='ocrx_word' id='word_1_114' title='bbox 753 1603 866 1635; x_wconf 87' lang='lat' dir='ltr'>mare,</span> 
     </span>
    </p>

    <p class='ocr_par' dir='ltr' id='par_1_15' title="bbox 280 1654 903 1693">
     <span class='ocr_line' id='line_1_25' title="bbox 280 1654 903 1693; baseline -0.002 -1"><span class='ocrx_word' id='word_1_115' title='bbox 280 1655 364 1693; x_wconf 91' lang='lat' dir='ltr'>Nec</span> <span class='ocrx_word' id='word_1_116' title='bbox 395 1668 527 1693; x_wconf 89' lang='lat' dir='ltr'>saevus</span> <span class='ocrx_word' id='word_1_117' title='bbox 556 1656 704 1692; x_wconf 87' lang='lat' dir='ltr'>Arcturi</span> <span class='ocrx_word' id='word_1_118' title='bbox 735 1654 903 1692; x_wconf 86' lang='lat' dir='ltr'>cadentis</span> 
     </span>
    </p>

    <p class='ocr_par' dir='ltr' id='par_1_16' title="bbox 333 1719 943 1769">
     <span class='ocr_line' id='line_1_26' title="bbox 333 1719 943 1769; baseline 0 -13"><span class='ocrx_word' id='word_1_119' title='bbox 333 1720 503 1769; x_wconf 88' lang='lat' dir='ltr'>Impetus</span> <span class='ocrx_word' id='word_1_120' title='bbox 532 1727 595 1757; x_wconf 86' lang='lat' dir='ltr'>aut</span> <span class='ocrx_word' id='word_1_121' title='bbox 623 1720 776 1757; x_wconf 89' lang='lat' dir='ltr'>orientis</span> <span class='ocrx_word' id='word_1_122' title='bbox 806 1719 943 1764; x_wconf 87' lang='lat' dir='ltr'>Haedi,</span> 
     </span>
    </p>
   </div>
   <div class='ocr_carea' id='block_1_10' title="bbox 224 1790 1106 2032">
    <p class='ocr_par' dir='ltr' id='par_1_17' title="bbox 224 1790 1106 2032">
     <span class='ocr_line' id='line_1_27' title="bbox 225 1790 1068 1848; baseline -0.001 -21"><span class='ocrx_word' id='word_1_123' title='bbox 225 1790 317 1828; x_wconf 93' lang='lat' dir='ltr'>Non</span> <span class='ocrx_word' id='word_1_124' title='bbox 344 1791 560 1828; x_wconf 82' lang='lat' dir='ltr'>verberatae</span> <span class='ocrx_word' id='word_1_125' title='bbox 589 1790 774 1848; x_wconf 77' lang='lat' dir='ltr'>grandine</span> <span class='ocrx_word' id='word_1_126' title='bbox 802 1790 934 1827; x_wconf 84' lang='lat' dir='ltr'>vineae</span> <span class='ocrx_word' id='word_1_127' title='bbox 1063 1813 1068 1821; x_wconf 48' lang='grc' dir='ltr'>ι</span> 
     </span>
     <span class='ocr_line' id='line_1_28' title="bbox 224 1830 1106 1904; baseline -0.003 -12"><span class='ocrx_word' id='word_1_128' title='bbox 224 1855 457 1904; x_wconf 86' lang='lat' dir='ltr'>Fundusque</span> <span class='ocrx_word' id='word_1_129' title='bbox 485 1837 671 1898; x_wconf 81' lang='lat' dir='ltr'>mendax</span> <span class='ocrx_word' id='word_1_130' title='bbox 673 1830 842 1891; x_wconf 77' lang='lat' dir='ltr'>arbore</span> <span class='ocrx_word' id='word_1_131' title='bbox 858 1848 959 1891; x_wconf 81' lang='lat' dir='ltr'>nunc</span> <span class='ocrx_word' id='word_1_132' title='bbox 989 1865 1106 1902; x_wconf 87' lang='lat' dir='ltr'>aquas</span> 
     </span>
     <span class='ocr_line' id='line_1_29' title="bbox 277 1919 959 1968; baseline 0 -12"><span class='ocrx_word' id='word_1_133' title='bbox 277 1919 478 1968; x_wconf 84' lang='lat' dir='ltr'>Culpante‚</span> <span class='ocrx_word' id='word_1_134' title='bbox 509 1931 612 1956; x_wconf 88' lang='lat' dir='ltr'>nunc</span> <span class='ocrx_word' id='word_1_135' title='bbox 641 1920 819 1956; x_wconf 87' lang='lat' dir='ltr'>torrentia</span> <span class='ocrx_word' id='word_1_136' title='bbox 849 1930 959 1967; x_wconf 78' lang='lat' dir='ltr'>agios</span> 
     </span>
     <span class='ocr_line' id='line_1_30' title="bbox 332 1983 959 2032; baseline -0.002 -11"><span class='ocrx_word' id='word_1_137' title='bbox 332 1984 470 2030; x_wconf 77' lang='lat' dir='ltr'>Sidera,</span> <span class='ocrx_word' id='word_1_138' title='bbox 498 1996 601 2021; x_wconf 91' lang='lat' dir='ltr'>nunc</span> <span class='ocrx_word' id='word_1_139' title='bbox 629 1983 773 2020; x_wconf 85' lang='lat' dir='ltr'>hiemes</span> <span class='ocrx_word' id='word_1_140' title='bbox 801 1983 959 2032; x_wconf 87' lang='lat' dir='ltr'>iniquas.</span> 
     </span>
    </p>
   </div>
   <div class='ocr_carea' id='block_1_11' title="bbox 224 2054 1083 2350">
    <p class='ocr_par' dir='ltr' id='par_1_18' title="bbox 224 2054 1083 2350">
     <span class='ocr_line' id='line_1_31' title="bbox 224 2054 970 2103; baseline -0.001 -11"><span class='ocrx_word' id='word_1_141' title='bbox 224 2054 430 2092; x_wconf 85' lang='lat' dir='ltr'>Contracta</span> <span class='ocrx_word' id='word_1_142' title='bbox 458 2055 581 2103; x_wconf 87' lang='lat' dir='ltr'>pisces</span> <span class='ocrx_word' id='word_1_143' title='bbox 610 2066 777 2103; x_wconf 85' lang='lat' dir='ltr'>aequora</span> <span class='ocrx_word' id='word_1_144' title='bbox 804 2055 970 2091; x_wconf 87' lang='lat' dir='ltr'>sentiunt</span> 
     </span>
     <span class='ocr_line' id='line_1_32' title="bbox 224 2118 1083 2167; baseline -0.001 -11"><span class='ocrx_word' id='word_1_145' title='bbox 224 2119 337 2157; x_wconf 90' lang='lat' dir='ltr'>Iactis</span> <span class='ocrx_word' id='word_1_146' title='bbox 366 2119 406 2156; x_wconf 90' lang='lat' dir='ltr'>in</span> <span class='ocrx_word' id='word_1_147' title='bbox 434 2119 552 2156; x_wconf 88' lang='lat' dir='ltr'>altum</span> <span class='ocrx_word' id='word_1_148' title='bbox 579 2119 765 2165; x_wconf 71' lang='lat' dir='ltr'>molibus;</span> <span class='ocrx_word' id='word_1_149' title='bbox 806 2119 878 2156; x_wconf 87' lang='lat' dir='ltr'>huc</span> <span class='ocrx_word' id='word_1_150' title='bbox 908 2118 1083 2167; x_wconf 86' lang='lat' dir='ltr'>frequens</span> 
     </span>
     <span class='ocr_line' id='line_1_33' title="bbox 278 2176 925 2231; baseline -0.002 -11"><span class='ocrx_word' id='word_1_151' title='bbox 278 2183 489 2221; x_wconf 88' lang='lat' dir='ltr'>Caementa</span> <span class='ocrx_word' id='word_1_152' title='bbox 518 2184 677 2221; x_wconf 85' lang='lat' dir='ltr'>demittit</span> <span class='ocrx_word' id='word_1_153' title='bbox 705 2176 925 2231; x_wconf 77' lang='lat' dir='ltr'>redemptor</span> 
     </span>
     <span class='ocr_line' id='line_1_34' title="bbox 331 2235 1039 2297; baseline -0.004 -10"><span class='ocrx_word' id='word_1_154' title='bbox 331 2249 431 2287; x_wconf 90' lang='lat' dir='ltr'>Cum</span> <span class='ocrx_word' id='word_1_155' title='bbox 459 2248 609 2293; x_wconf 85' lang='lat' dir='ltr'>famulis</span> <span class='ocrx_word' id='word_1_156' title='bbox 640 2235 893 2297; x_wconf 58' lang='lat' dir='ltr'>domih‘ffsssfiue</span> <span class='ocrx_word' id='word_1_157' title='bbox 923 2254 1039 2285; x_wconf 86' lang='lat' dir='ltr'>terrae</span> 
     </span>
     <span class='ocr_line' id='line_1_35' title="bbox 649 2325 718 2350; baseline -0.014 0"><span class='ocrx_word' id='word_1_158' title='bbox 649 2326 671 2350; x_wconf 81' lang='lat' dir='ltr'><strong>F</strong></span> <span class='ocrx_word' id='word_1_159' title='bbox 700 2325 718 2349; x_wconf 89' lang='lat'><strong>2</strong></span> 
     </span>
    </p>
   </div>
   <div class='ocr_carea' id='block_1_12' title="bbox 1271 547 1309 568">
    <p class='ocr_par' dir='ltr' id='par_1_19' title="bbox 1271 547 1309 568">
     <span class='ocr_line' id='line_1_36' title="bbox 1271 547 1309 568; baseline -0.026 0"><span class='ocrx_word' id='word_1_160' title='bbox 1271 547 1309 568; x_wconf 80' lang='lat'>10</span> 
     </span>
    </p>
   </div>
   <div class='ocr_carea' id='block_1_13' title="bbox 1266 2198 1304 2228">
    <p class='ocr_par' dir='ltr' id='par_1_20' title="bbox 1266 2198 1304 2228">
     <span class='ocr_line' id='line_1_37' title="bbox 1266 2198 1304 2228; baseline 0.026 -1"><span class='ocrx_word' id='word_1_161' title='bbox 1266 2198 1304 2228; x_wconf 76' lang='lat'>35</span> 
     </span>
    </p>
   </div>
  </div>
 </body>
</html>
