1507 2427
500 86 664 117 LIBER.
704 85 845 116 EPOD.
869 85 970 116 XVI.
1291 90 1305 114 Ι
1342 104 1349 123 ;

1315 87 1334 125 Οἱ

1345 88 1361 123 ψι

220 188 479 236 Intonsosque
509 187 666 235 agitaret
696 186 882 235 Apollinis
913 197 1003 222 aura
1033 184 1188 233 capillos

274 253 370 290 Fore
400 253 502 290 hunc
533 264 702 289 amorem
732 259 918 289 mutuum.
1327 264 1365 285 10

222 318 258 356 O
288 318 449 355 dolitura
478 330 563 355 mea
593 318 753 354 multum
782 318 914 354 virtute
945 316 1117 353 Neaera!

276 382 378 419 Nam
408 384 438 420 si
467 382 558 431 quid
588 382 626 418 in
657 382 795 419 Flacco
825 382 890 418 viri
920 388 989 427 est,

223 446 314 485 Non
344 447 437 484 feret
467 446 638 484 assiduas
668 446 806 495 potiori
837 453 873 483 te
903 446 992 483 dare
1023 452 1166 489 noctes,

275 512 323 549 Et
353 519 508 561 quaeret
537 513 652 548 iratus
682 524 825 561 parem,

225 577 308 615 Nee
339 577 459 615 semel
488 577 659 614 offensae
689 577 800 614 cedet
830 576 1045 614 constantia
1074 575 1231 619 formae,
1328 589 1364 619 15

281 640 320 677 Si
350 646 473 677 certus
502 640 644 676 intrarit
674 639 793 676 dolor.

224 704 273 742 Et
302 710 353 751 tu,
383 705 603 753 quicunque
633 716 673 741 es
704 704 848 741 felicior
877 711 991 754 atque
1019 715 1108 740 meo
1139 713 1241 739 nunc

281 768 476 818 Superbus
505 769 651 806 incedis
680 769 794 815 malo,

227 833 286 871 Sis
316 846 455 882 pecore
486 840 522 871 et
551 834 670 871 multa
701 835 803 871 dives
833 833 962 870 tellure
990 833 1116 870 licebit

280 898 446 948 Tibique
476 899 653 936 Pactolus
684 899 786 944 fluat,
1329 911 1369 932 20

227 963 312 1001 Nec
341 970 377 1000 te
407 963 646 1013 Pythagorae
677 964 804 1000 fallant
834 974 973 1000 arcana
1001 962 1132 1006 renati,

280 1028 496 1077 Formaque
525 1029 654 1066 vincas
686 1027 809 1073 Nirea,

228 1091 338 1129 Eheu
366 1093 566 1130 translatos
596 1093 669 1130 alio
701 1092 888 1129 maerebis
918 1103 1097 1129 amores:

281 1156 351 1193 Ast
381 1168 453 1205 ego
484 1157 648 1194 vicissim
677 1157 805 1193 risero.

558 1426 782 1465 EPODE
821 1427 928 1464 XVI.

173 1551 337 1588 ALTERA
366 1548 442 1586 iam
466 1549 594 1586 teritur
622 1549 729 1586 bellis
760 1549 928 1586 civilibus
957 1555 1073 1594 aetas,

228 1615 313 1652 Suis
343 1620 380 1651 et
407 1615 490 1662 ipsa
519 1613 647 1650 Roma
675 1614 814 1651 viribus
844 1614 941 1650 ruit:

174 1679 303 1726 Quam
333 1691 457 1727 neque
488 1679 633 1715 finitimi
663 1679 859 1715 valuerunt
887 1679 1046 1727 perdere
1077 1677 1196 1716 Marsi

227 1743 389 1780 Minacis
419 1750 481 1780 aut
511 1743 673 1780 Etrusca
702 1743 894 1779 Porsenae
923 1755 1071 1788 manus,

174 1808 337 1846 Aemula
366 1820 437 1844 nec
466 1809 579 1844 virtus
611 1807 766 1855 Capuae
796 1820 868 1844 nec
900 1807 1102 1856 Spartacus
1133 1819 1220 1844 acer
1350 1820 1366 1851 5

227 1872 423 1920 Novisque
453 1873 565 1908 rebus
595 1871 754 1908 infidelis
784 1871 980 1916 Allobrox,

173 1937 257 1974 Nec
286 1937 363 1973 fera
394 1937 565 1973 caerulea
595 1937 741 1973 domuit
771 1936 978 1973 Germania
1009 1938 1109 1985 pube

227 2002 524 2050 Parentibusque
554 2002 796 2038 abominatus
826 2001 1032 2046 Hannibal,

174 2066 298 2114 Impia
326 2066 529 2114 perdemus
560 2065 684 2102 devoti
715 2065 909 2113 sanguinis
938 2072 1052 2110 aetas,

226 2130 405 2178 Ferisque
434 2142 561 2166 rursus
590 2130 836 2178 occupabitur
866 2130 999 2166 solum.
1327 2143 1365 2164 10

174 2195 362 2232 Barbarus
391 2194 466 2231 heu
496 2195 641 2232 cineres
672 2195 817 2231 insistet
848 2195 965 2230 victor
995 2200 1031 2231 et
1061 2193 1205 2231 Urbem

228 2259 358 2308 Eques
388 2256 550 2296 sonante
579 2259 790 2296 verberabit
818 2259 970 2307 ungula,
