<?xml version="1.0" encoding="UTF-8"?>
<!DOCTYPE html PUBLIC "-//W3C//DTD XHTML 1.0 Transitional//EN"
    "http://www.w3.org/TR/xhtml1/DTD/xhtml1-transitional.dtd">
<html xmlns="http://www.w3.org/1999/xhtml" xml:lang="en" lang="en">
 <head>
  <title>
</title>
<meta http-equiv="Content-Type" content="text/html;charset=utf-8" />
  <meta name='ocr-system' content='tesseract 3.04.00' />
  <meta name='ocr-capabilities' content='ocr_page ocr_carea ocr_par ocr_line ocrx_word'/>
</head>
<body>
  <div class='ocr_page' id='page_1' title='image "./quintihoratiifl01horauoft_0185.png"; bbox 0 0 1507 2427; ppageno 0'>
   <div class='ocr_carea' id='block_1_1' title="bbox 497 63 948 97">
    <p class='ocr_par' dir='ltr' id='par_1_1' title="bbox 497 63 948 97">
     <span class='ocr_line' id='line_1_1' title="bbox 497 63 948 97; baseline -0.009 0"><span class='ocrx_word' id='word_1_1' title='bbox 497 66 659 97; x_wconf 83' lang='lat' dir='ltr'><em>LIBER.</em></span> <span class='ocrx_word' id='word_1_2' title='bbox 697 64 841 96; x_wconf 87' lang='lat' dir='ltr'><em>EPOD.</em></span> <span class='ocrx_word' id='word_1_3' title='bbox 870 63 948 94; x_wconf 84' lang='lat' dir='ltr'><em>Vll.</em></span> 
     </span>
    </p>
   </div>
   <div class='ocr_carea' id='block_1_2' title="bbox 201 165 1066 411">
    <p class='ocr_par' dir='ltr' id='par_1_2' title="bbox 203 165 1066 281">
     <span class='ocr_line' id='line_1_2' title="bbox 203 165 1066 218; baseline -0.007 -11"><span class='ocrx_word' id='word_1_4' title='bbox 203 169 338 215; x_wconf 86' lang='lat' dir='ltr'>Qualis</span> <span class='ocrx_word' id='word_1_5' title='bbox 367 168 588 218; x_wconf 82' lang='lat' dir='ltr'><strong>Lycambae</strong></span> <span class='ocrx_word' id='word_1_6' title='bbox 618 173 768 216; x_wconf 88' lang='lat' dir='ltr'>spretus</span> <span class='ocrx_word' id='word_1_7' title='bbox 798 165 917 203; x_wconf 90' lang='lat' dir='ltr'>infido</span> <span class='ocrx_word' id='word_1_8' title='bbox 946 176 1066 214; x_wconf 85' lang='lat' dir='ltr'>gener</span> 
     </span>
     <span class='ocr_line' id='line_1_3' title="bbox 254 232 784 281; baseline -0.008 -10"><span class='ocrx_word' id='word_1_9' title='bbox 254 235 331 271; x_wconf 92' lang='lat' dir='ltr'>Aut</span> <span class='ocrx_word' id='word_1_10' title='bbox 361 246 447 270; x_wconf 86' lang='lat' dir='ltr'>acer</span> <span class='ocrx_word' id='word_1_11' title='bbox 475 233 595 270; x_wconf 86' lang='lat' dir='ltr'>hostis</span> <span class='ocrx_word' id='word_1_12' title='bbox 625 232 784 281; x_wconf 79' lang='lat' dir='ltr'><strong>Bupalo.</strong></span> 
     </span>
    </p>

    <p class='ocr_par' dir='ltr' id='par_1_3' title="bbox 201 294 1005 411">
     <span class='ocr_line' id='line_1_4' title="bbox 201 294 1005 347; baseline -0.006 -11"><span class='ocrx_word' id='word_1_13' title='bbox 201 299 276 344; x_wconf 87' lang='lat' dir='ltr'>An,</span> <span class='ocrx_word' id='word_1_14' title='bbox 306 300 335 335; x_wconf 93' lang='lat' dir='ltr'>si</span> <span class='ocrx_word' id='word_1_15' title='bbox 367 299 451 347; x_wconf 87' lang='lat' dir='ltr'>quis</span> <span class='ocrx_word' id='word_1_16' title='bbox 481 305 561 335; x_wconf 90' lang='lat' dir='ltr'>atro</span> <span class='ocrx_word' id='word_1_17' title='bbox 591 297 704 334; x_wconf 87' lang='lat' dir='ltr'>dente</span> <span class='ocrx_word' id='word_1_18' title='bbox 734 308 795 333; x_wconf 89' lang='lat' dir='ltr'>me</span> <span class='ocrx_word' id='word_1_19' title='bbox 824 294 1005 345; x_wconf 84' lang='lat' dir='ltr'>petiverit,</span> 
     </span>
     <span class='ocr_line' id='line_1_5' title="bbox 255 362 752 411; baseline -0.006 -10"><span class='ocrx_word' id='word_1_20' title='bbox 255 363 402 401; x_wconf 88' lang='lat' dir='ltr'>Inultus</span> <span class='ocrx_word' id='word_1_21' title='bbox 431 370 475 401; x_wconf 72' lang='lat' dir='ltr'>ut&#39;</span> <span class='ocrx_word' id='word_1_22' title='bbox 500 363 602 400; x_wconf 86' lang='lat' dir='ltr'>flebo</span> <span class='ocrx_word' id='word_1_23' title='bbox 632 362 752 411; x_wconf 86' lang='lat' dir='ltr'>puer?</span> 
     </span>
    </p>
   </div>
   <div class='ocr_carea' id='block_1_3' title="bbox 544 671 897 711">
    <p class='ocr_par' dir='ltr' id='par_1_4' title="bbox 544 671 897 711">
     <span class='ocr_line' id='line_1_6' title="bbox 544 671 897 711; baseline -0.003 0"><span class='ocrx_word' id='word_1_24' title='bbox 544 671 770 711; x_wconf 90' lang='lat' dir='ltr'><strong>EPODE</strong></span> <span class='ocrx_word' id='word_1_25' title='bbox 807 671 897 710; x_wconf 90' lang='lat' dir='ltr'><strong>VII.</strong></span> 
     </span>
    </p>
   </div>
   <div class='ocr_carea' id='block_1_4' title="bbox 202 796 1144 2079">
    <p class='ocr_par' dir='ltr' id='par_1_5' title="bbox 203 796 1144 914">
     <span class='ocr_line' id='line_1_7' title="bbox 203 796 1144 850; baseline -0.005 -11"><span class='ocrx_word' id='word_1_26' title='bbox 203 801 305 847; x_wconf 85' lang='lat' dir='ltr'>Quo,</span> <span class='ocrx_word' id='word_1_27' title='bbox 336 812 413 850; x_wconf 87' lang='lat' dir='ltr'>quo</span> <span class='ocrx_word' id='word_1_28' title='bbox 443 799 590 837; x_wconf 87' lang='lat' dir='ltr'>scelesti</span> <span class='ocrx_word' id='word_1_29' title='bbox 620 798 750 836; x_wconf 88' lang='lat' dir='ltr'>ruitis?</span> <span class='ocrx_word' id='word_1_30' title='bbox 791 804 856 835; x_wconf 86' lang='lat' dir='ltr'>aut</span> <span class='ocrx_word' id='word_1_31' title='bbox 885 809 952 834; x_wconf 88' lang='lat' dir='ltr'>cur</span> <span class='ocrx_word' id='word_1_32' title='bbox 981 796 1144 835; x_wconf 85' lang='lat' dir='ltr'>dexteris</span> 
     </span>
     <span class='ocr_line' id='line_1_8' title="bbox 255 863 786 914; baseline -0.006 -12"><span class='ocrx_word' id='word_1_33' title='bbox 255 866 447 914; x_wconf 87' lang='lat' dir='ltr'>Aptantur</span> <span class='ocrx_word' id='word_1_34' title='bbox 476 876 586 901; x_wconf 85' lang='lat' dir='ltr'>enses</span> <span class='ocrx_word' id='word_1_35' title='bbox 617 863 786 901; x_wconf 87' lang='lat' dir='ltr'>conditi?</span> 
     </span>
    </p>

    <p class='ocr_par' dir='ltr' id='par_1_6' title="bbox 202 927 1068 1041">
     <span class='ocr_line' id='line_1_9' title="bbox 202 927 1068 978; baseline -0.005 -11"><span class='ocrx_word' id='word_1_36' title='bbox 202 930 392 967; x_wconf 80' lang='lat' dir='ltr'>Parumne</span> <span class='ocrx_word' id='word_1_37' title='bbox 422 929 568 978; x_wconf 86' lang='lat' dir='ltr'>campis</span> <span class='ocrx_word' id='word_1_38' title='bbox 598 935 711 978; x_wconf 86' lang='lat' dir='ltr'>atque</span> <span class='ocrx_word' id='word_1_39' title='bbox 741 927 925 977; x_wconf 78' lang='lat' dir='ltr'>Neptuno</span> <span class='ocrx_word' id='word_1_40' title='bbox 955 939 1068 976; x_wconf 88' lang='lat' dir='ltr'>super</span> 
     </span>
     <span class='ocr_line' id='line_1_10' title="bbox 256 993 882 1041; baseline -0.006 -9"><span class='ocrx_word' id='word_1_41' title='bbox 256 995 402 1032; x_wconf 88' lang='lat' dir='ltr'>Fusum</span> <span class='ocrx_word' id='word_1_42' title='bbox 432 1002 489 1031; x_wconf 86' lang='lat' dir='ltr'>est</span> <span class='ocrx_word' id='word_1_43' title='bbox 518 994 642 1030; x_wconf 89' lang='lat' dir='ltr'>Latini</span> <span class='ocrx_word' id='word_1_44' title='bbox 674 993 882 1041; x_wconf 80' lang='lat' dir='ltr'>sanguinis,</span> 
     </span>
    </p>

    <p class='ocr_par' dir='ltr' id='par_1_7' title="bbox 203 1056 1050 1168">
     <span class='ocr_line' id='line_1_11' title="bbox 203 1056 1050 1108; baseline -0.002 -11"><span class='ocrx_word' id='word_1_45' title='bbox 203 1059 307 1105; x_wconf 87' lang='lat' dir='ltr'>Non,</span> <span class='ocrx_word' id='word_1_46' title='bbox 337 1066 377 1096; x_wconf 89' lang='lat' dir='ltr'>ut</span> <span class='ocrx_word' id='word_1_47' title='bbox 407 1059 591 1108; x_wconf 83' lang='lat' dir='ltr'>superbas</span> <span class='ocrx_word' id='word_1_48' title='bbox 621 1058 770 1094; x_wconf 87' lang='lat' dir='ltr'>invidae</span> <span class='ocrx_word' id='word_1_49' title='bbox 800 1056 1050 1106; x_wconf 80' lang='lat' dir='ltr'>Karthaginis</span> 
     </span>
     <span class='ocr_line' id='line_1_12' title="bbox 257 1124 754 1168; baseline -0.004 -7"><span class='ocrx_word' id='word_1_50' title='bbox 257 1124 459 1161; x_wconf 88' lang='lat' dir='ltr'>Romanus</span> <span class='ocrx_word' id='word_1_51' title='bbox 489 1135 593 1160; x_wconf 85' lang='lat' dir='ltr'>arces</span> <span class='ocrx_word' id='word_1_52' title='bbox 623 1129 754 1168; x_wconf 86' lang='lat' dir='ltr'>ureret,</span> 
     </span>
    </p>

    <p class='ocr_par' dir='ltr' id='par_1_8' title="bbox 203 1186 1052 1298">
     <span class='ocr_line' id='line_1_13' title="bbox 203 1186 1052 1226; baseline -0.001 -1"><span class='ocrx_word' id='word_1_53' title='bbox 203 1189 372 1226; x_wconf 83' lang='lat' dir='ltr'>Intactus</span> <span class='ocrx_word' id='word_1_54' title='bbox 402 1194 466 1224; x_wconf 90' lang='lat' dir='ltr'>aut</span> <span class='ocrx_word' id='word_1_55' title='bbox 495 1186 702 1224; x_wconf 79' lang='lat' dir='ltr'>Britannus</span> <span class='ocrx_word' id='word_1_56' title='bbox 731 1193 772 1224; x_wconf 90' lang='lat' dir='ltr'>ut</span> <span class='ocrx_word' id='word_1_57' title='bbox 801 1186 1052 1224; x_wconf 81' lang='lat' dir='ltr'>descenderet</span> 
     </span>
     <span class='ocr_line' id='line_1_14' title="bbox 260 1253 697 1298; baseline -0.007 -7"><span class='ocrx_word' id='word_1_58' title='bbox 260 1253 373 1291; x_wconf 88' lang='lat' dir='ltr'>Sacra</span> <span class='ocrx_word' id='word_1_59' title='bbox 402 1259 598 1290; x_wconf 85' lang='lat' dir='ltr'>catenatus</span> <span class='ocrx_word' id='word_1_60' title='bbox 628 1253 697 1298; x_wconf 83' lang='lat' dir='ltr'>via,</span> 
     </span>
    </p>

    <p class='ocr_par' dir='ltr' id='par_1_9' title="bbox 205 1317 1065 1431">
     <span class='ocr_line' id='line_1_15' title="bbox 205 1317 1065 1355; baseline -0.001 0"><span class='ocrx_word' id='word_1_61' title='bbox 205 1319 280 1355; x_wconf 85' lang='lat' dir='ltr'>Sed</span> <span class='ocrx_word' id='word_1_62' title='bbox 311 1325 350 1355; x_wconf 88' lang='lat' dir='ltr'>ut</span> <span class='ocrx_word' id='word_1_63' title='bbox 380 1318 591 1355; x_wconf 86' lang='lat' dir='ltr'>secundum</span> <span class='ocrx_word' id='word_1_64' title='bbox 620 1324 709 1354; x_wconf 90' lang='lat' dir='ltr'>vota</span> <span class='ocrx_word' id='word_1_65' title='bbox 737 1317 967 1354; x_wconf 89' lang='lat' dir='ltr'>Parthorum</span> <span class='ocrx_word' id='word_1_66' title='bbox 996 1329 1065 1355; x_wconf 87' lang='lat' dir='ltr'>sua</span> 
     </span>
     <span class='ocr_line' id='line_1_16' title="bbox 256 1382 861 1431; baseline 0 -12"><span class='ocrx_word' id='word_1_67' title='bbox 256 1383 359 1420; x_wconf 90' lang='lat' dir='ltr'>Urbs</span> <span class='ocrx_word' id='word_1_68' title='bbox 387 1383 482 1420; x_wconf 91' lang='lat' dir='ltr'>haec</span> <span class='ocrx_word' id='word_1_69' title='bbox 511 1382 649 1431; x_wconf 87' lang='lat' dir='ltr'>periret</span> <span class='ocrx_word' id='word_1_70' title='bbox 679 1383 861 1419; x_wconf 83' lang='lat' dir='ltr'>dextera?</span> 
     </span>
    </p>

    <p class='ocr_par' dir='ltr' id='par_1_10' title="bbox 203 1447 1078 1561">
     <span class='ocr_line' id='line_1_17' title="bbox 203 1447 1078 1496; baseline 0 -12"><span class='ocrx_word' id='word_1_71' title='bbox 203 1447 342 1496; x_wconf 89' lang='lat' dir='ltr'>Neque</span> <span class='ocrx_word' id='word_1_72' title='bbox 371 1447 431 1485; x_wconf 89' lang='lat' dir='ltr'>hic</span> <span class='ocrx_word' id='word_1_73' title='bbox 461 1447 559 1496; x_wconf 91' lang='lat' dir='ltr'>lupis</span> <span class='ocrx_word' id='word_1_74' title='bbox 589 1459 675 1484; x_wconf 91' lang='lat' dir='ltr'>mos</span> <span class='ocrx_word' id='word_1_75' title='bbox 704 1459 776 1484; x_wconf 91' lang='lat' dir='ltr'>nec</span> <span class='ocrx_word' id='word_1_76' title='bbox 806 1447 874 1484; x_wconf 90' lang='lat' dir='ltr'>fuit</span> <span class='ocrx_word' id='word_1_77' title='bbox 902 1447 1078 1484; x_wconf 89' lang='lat' dir='ltr'>leonibus</span> 
     </span>
     <span class='ocr_line' id='line_1_18' title="bbox 257 1512 888 1561; baseline 0 -13"><span class='ocrx_word' id='word_1_78' title='bbox 257 1512 438 1561; x_wconf 89' lang='lat' dir='ltr'>Unquam</span> <span class='ocrx_word' id='word_1_79' title='bbox 467 1512 539 1549; x_wconf 90' lang='lat' dir='ltr'>nisi</span> <span class='ocrx_word' id='word_1_80' title='bbox 568 1512 606 1548; x_wconf 88' lang='lat' dir='ltr'>in</span> <span class='ocrx_word' id='word_1_81' title='bbox 637 1512 763 1561; x_wconf 90' lang='lat' dir='ltr'>dispar</span> <span class='ocrx_word' id='word_1_82' title='bbox 793 1512 888 1549; x_wconf 85' lang='lat' dir='ltr'>feris.</span> 
     </span>
    </p>

    <p class='ocr_par' dir='ltr' id='par_1_11' title="bbox 204 1576 1023 1691">
     <span class='ocr_line' id='line_1_19' title="bbox 204 1576 1023 1625; baseline 0 -12"><span class='ocrx_word' id='word_1_83' title='bbox 204 1577 375 1614; x_wconf 84' lang='lat' dir='ltr'>Furorne</span> <span class='ocrx_word' id='word_1_84' title='bbox 406 1589 554 1622; x_wconf 84' lang='lat' dir='ltr'>caecus,</span> <span class='ocrx_word' id='word_1_85' title='bbox 585 1589 635 1613; x_wconf 88' lang='lat' dir='ltr'>an</span> <span class='ocrx_word' id='word_1_86' title='bbox 664 1577 760 1625; x_wconf 88' lang='lat' dir='ltr'>rapit</span> <span class='ocrx_word' id='word_1_87' title='bbox 789 1577 844 1614; x_wconf 92' lang='lat' dir='ltr'>vis</span> <span class='ocrx_word' id='word_1_88' title='bbox 874 1576 1023 1614; x_wconf 85' lang='lat' dir='ltr'>acrior?</span> 
     </span>
     <span class='ocr_line' id='line_1_20' title="bbox 257 1642 994 1691; baseline -0.001 -12"><span class='ocrx_word' id='word_1_89' title='bbox 257 1643 321 1679; x_wconf 89' lang='lat' dir='ltr'>An</span> <span class='ocrx_word' id='word_1_90' title='bbox 351 1642 488 1691; x_wconf 86' lang='lat' dir='ltr'>culpa?</span> <span class='ocrx_word' id='word_1_91' title='bbox 546 1642 795 1690; x_wconf 83' lang='lat' dir='ltr'>Responsum</span> <span class='ocrx_word' id='word_1_92' title='bbox 824 1642 911 1679; x_wconf 90' lang='lat' dir='ltr'>date</span> <span class='ocrx_word' id='word_1_93' title='bbox 930 1643 994 1678; x_wconf 92' lang='lat'>!—</span> 
     </span>
    </p>

    <p class='ocr_par' dir='ltr' id='par_1_12' title="bbox 205 1706 949 1820">
     <span class='ocr_line' id='line_1_21' title="bbox 205 1706 949 1755; baseline -0.003 -10"><span class='ocrx_word' id='word_1_94' title='bbox 205 1708 355 1745; x_wconf 84' lang='lat' dir='ltr'>Tacent</span> <span class='ocrx_word' id='word_1_95' title='bbox 385 1714 420 1744; x_wconf 86' lang='lat' dir='ltr'>et</span> <span class='ocrx_word' id='word_1_96' title='bbox 449 1707 557 1744; x_wconf 86' lang='lat' dir='ltr'>albus</span> <span class='ocrx_word' id='word_1_97' title='bbox 586 1719 654 1744; x_wconf 90' lang='lat' dir='ltr'>ora</span> <span class='ocrx_word' id='word_1_98' title='bbox 681 1707 803 1755; x_wconf 85' lang='lat' dir='ltr'>pallor</span> <span class='ocrx_word' id='word_1_99' title='bbox 831 1706 949 1743; x_wconf 88' lang='lat' dir='ltr'>inficit</span> 
     </span>
     <span class='ocr_line' id='line_1_22' title="bbox 259 1772 907 1820; baseline 0 -12"><span class='ocrx_word' id='word_1_100' title='bbox 259 1772 489 1820; x_wconf 85' lang='lat' dir='ltr'>Mentesque</span> <span class='ocrx_word' id='word_1_101' title='bbox 518 1772 713 1820; x_wconf 88' lang='lat' dir='ltr'>perculsae</span> <span class='ocrx_word' id='word_1_102' title='bbox 743 1778 907 1820; x_wconf 86' lang='lat' dir='ltr'>stupent.</span> 
     </span>
    </p>

    <p class='ocr_par' dir='ltr' id='par_1_13' title="bbox 205 1836 1036 1950">
     <span class='ocr_line' id='line_1_23' title="bbox 205 1836 1036 1884; baseline -0.002 -10"><span class='ocrx_word' id='word_1_103' title='bbox 205 1837 266 1874; x_wconf 87' lang='lat' dir='ltr'>Sic</span> <span class='ocrx_word' id='word_1_104' title='bbox 296 1844 375 1873; x_wconf 87' lang='lat' dir='ltr'>est:</span> <span class='ocrx_word' id='word_1_105' title='bbox 416 1838 553 1873; x_wconf 85' lang='lat' dir='ltr'>acerba</span> <span class='ocrx_word' id='word_1_106' title='bbox 582 1836 655 1873; x_wconf 81' lang='lat' dir='ltr'>fata</span> <span class='ocrx_word' id='word_1_107' title='bbox 686 1836 886 1873; x_wconf 87' lang='lat' dir='ltr'>Romanos</span> <span class='ocrx_word' id='word_1_108' title='bbox 916 1842 1036 1884; x_wconf 82' lang='lat' dir='ltr'>agunt</span> 
     </span>
     <span class='ocr_line' id='line_1_24' title="bbox 259 1900 827 1950; baseline 0 -12"><span class='ocrx_word' id='word_1_109' title='bbox 259 1901 466 1950; x_wconf 84' lang='lat' dir='ltr'>Scelusque</span> <span class='ocrx_word' id='word_1_110' title='bbox 497 1900 682 1938; x_wconf 88' lang='lat' dir='ltr'>fraternae</span> <span class='ocrx_word' id='word_1_111' title='bbox 711 1901 827 1945; x_wconf 86' lang='lat' dir='ltr'>necis,</span> 
     </span>
    </p>

    <p class='ocr_par' dir='ltr' id='par_1_14' title="bbox 205 1964 1034 2079">
     <span class='ocr_line' id='line_1_25' title="bbox 205 1964 1034 2003; baseline -0.002 0"><span class='ocrx_word' id='word_1_112' title='bbox 205 1965 258 2003; x_wconf 91' lang='lat' dir='ltr'>Ut</span> <span class='ocrx_word' id='word_1_113' title='bbox 288 1966 520 2002; x_wconf 89' lang='lat' dir='ltr'>immerentis</span> <span class='ocrx_word' id='word_1_114' title='bbox 549 1966 655 2002; x_wconf 84' lang='lat' dir='ltr'>fluxit</span> <span class='ocrx_word' id='word_1_115' title='bbox 684 1966 723 2002; x_wconf 86' lang='lat' dir='ltr'>in</span> <span class='ocrx_word' id='word_1_116' title='bbox 752 1972 890 2003; x_wconf 87' lang='lat' dir='ltr'>terram</span> <span class='ocrx_word' id='word_1_117' title='bbox 920 1964 1034 2002; x_wconf 89' lang='lat' dir='ltr'>Remi</span> 
     </span>
     <span class='ocr_line' id='line_1_26' title="bbox 261 2029 759 2079; baseline 0 -12"><span class='ocrx_word' id='word_1_118' title='bbox 261 2029 376 2067; x_wconf 88' lang='lat' dir='ltr'>Sacer</span> <span class='ocrx_word' id='word_1_119' title='bbox 405 2031 608 2079; x_wconf 80' lang='lat' dir='ltr'>nepotibus</span> <span class='ocrx_word' id='word_1_120' title='bbox 638 2042 759 2067; x_wconf 90' lang='lat' dir='ltr'>cruor.</span> 
     </span>
    </p>
   </div>
   <div class='ocr_carea' id='block_1_5' title="bbox 586 2167 853 2174">
    <p class='ocr_par' dir='ltr' id='par_1_15' title="bbox 586 2167 853 2174">
     <span class='ocr_line' id='line_1_27' title="bbox 586 2167 853 2174; baseline 0 253"><span class='ocrx_word' id='word_1_121' title='bbox 586 2167 853 2174; x_wconf 95' lang='lat' dir='ltr'> </span> 
     </span>
    </p>
   </div>
   <div class='ocr_carea' id='block_1_6' title="bbox 1270 68 1342 104">
    <p class='ocr_par' dir='ltr' id='par_1_16' title="bbox 1270 68 1342 104">
     <span class='ocr_line' id='line_1_28' title="bbox 1270 68 1342 104; baseline 0.028 -2"><span class='ocrx_word' id='word_1_122' title='bbox 1270 68 1342 104; x_wconf 88' lang='lat'>149</span> 
     </span>
    </p>
   </div>
   <div class='ocr_carea' id='block_1_7' title="bbox 1312 1395 1351 1416">
    <p class='ocr_par' dir='ltr' id='par_1_17' title="bbox 1312 1395 1351 1416">
     <span class='ocr_line' id='line_1_29' title="bbox 1312 1395 1351 1416; baseline 0 0"><span class='ocrx_word' id='word_1_123' title='bbox 1312 1395 1351 1416; x_wconf 86' lang='lat'>10</span> 
     </span>
    </p>
   </div>
   <div class='ocr_carea' id='block_1_8' title="bbox 1312 2041 1354 2065">
    <p class='ocr_par' dir='ltr' id='par_1_18' title="bbox 1312 2041 1354 2065">
     <span class='ocr_line' id='line_1_30' title="bbox 1312 2041 1354 2065; baseline -0.048 0"><span class='ocrx_word' id='word_1_124' title='bbox 1312 2041 1354 2065; x_wconf 85' lang='lat'>20</span> 
     </span>
    </p>
   </div>
  </div>
 </body>
</html>
