1507 2427
197 63 241 97 18
535 56 680 95 'HORA
690 63 764 95 TII
790 61 1064 94 CARMINUM

194 167 275 203 Iam
305 165 492 215 Cytherea
520 165 659 203 choros
689 164 791 202 ducit
810 164 943 202 Venus
972 163 1194 201 imminente
1223 162 1344 208 Luna,
1413 178 1431 210 5

354 230 585 278 Iunctaeque
614 229 803 278 Nymphis
834 228 986 266 Gratiae
1016 229 1193 266 decentes

194 296 352 332 Alterno
382 302 519 332 terram
548 295 721 343 quatiunt
749 293 859 343 pede,
889 294 980 330 dum
1009 304 1142 342 graves
1172 291 1385 341 Cyclopum

354 359 552 396 Volcanus
583 358 719 395 ardens
746 358 818 394 urit
847 358 1030 395 officinas.

195 424 309 461 Nunc
339 424 448 461 decet
476 430 538 460 aut
566 422 671 459 viridi
700 422 860 459 nitidum
889 429 1003 472 eaput
1032 422 1215 471 impedire
1244 429 1366 471 myrto

353 488 432 525 Aut
459 488 564 533 flore,
593 494 713 524 terrae
743 499 857 536 quem
887 487 1009 525 ferunt
1038 487 1193 525 solutae.
1398 501 1436 522 10

197 554 310 591 Nunc
340 560 377 590 et
405 554 443 589 in
472 553 661 589 umbrosis
690 551 825 590 Fauno
855 552 964 590 decet
998 552 1194 589 immolare
1222 551 1327 596 lucis,

357 618 432 655 Seu
461 624 596 666 poscat
625 629 726 667 agna
755 617 831 655 sive
860 617 965 654 malit
994 617 1128 654 haedo.

197 683 341 720 Pallida
369 682 478 719 Mors
507 694 631 731 aequo
659 681 783 731 pulsat
811 682 909 730 pede
935 693 1145 730 pauperum
1174 681 1350 718 tabernas

357 746 586 796 Regumque
615 753 746 783 turres.
804 746 839 784 O
865 746 975 784 beate
1006 746 1114 791 Sesti,

196 812 306 850 Vitae
327 824 478 850 summa
499 811 619 848 brevis
641 823 749 859 spem
769 823 840 848 nos
861 817 961 848 vetat
980 811 1160 848 inchoare
1179 810 1343 858 longam.
1399 824 1434 854 15

356 876 440 914 Iam
468 882 504 912 te
532 882 680 924 premet
708 887 786 912 nox
816 875 1039 924 fabulaeque
1068 874 1206 912 Manes

196 941 245 979 Et
275 942 414 979 domus
443 940 550 978 exilis
579 940 776 977 Plutonia:
817 951 893 989 quo
922 939 1033 977 simul
1060 939 1208 986 mearis‚

361 1005 445 1043 Nec
473 1017 590 1054 regna
619 1004 694 1041 vini
724 1004 881 1041 sortiere
910 1004 993 1041 talis

199 1070 281 1108 Nec
311 1078 481 1108 tenerum
511 1069 684 1118 Lycidan
711 1069 907 1114 mirabere,
937 1081 1013 1118 quo
1043 1069 1138 1106 calet
1166 1069 1340 1107 iuventus

357 1135 471 1173 Nunc
501 1135 626 1172 omnis
655 1141 691 1172 et
718 1145 811 1172 mox
839 1134 1001 1183 virgines
1030 1136 1222 1185 tepebunt.
1400 1150 1438 1172 20
1501 1157 1503 1159 ·

713 1393 846 1432 ODE
883 1393 930 1433 V.

362 1499 460 1545 Quis
488 1497 607 1536 multa
634 1498 784 1547 gracilis
813 1504 849 1536 te
879 1510 972 1547 puer
1000 1499 1038 1536 in
1066 1511 1155 1538 rosa

363 1563 541 1601 Perfusus
570 1563 719 1612 liquidis
747 1569 856 1611 urget
885 1563 1076 1609 odoribus,

416 1627 547 1673 Grato,
577 1626 731 1676 Pyrrha,
762 1628 832 1665 sub
861 1629 997 1665 antro?

469 1691 540 1729 Cui
569 1691 707 1728 flavam
735 1692 870 1741 religas
900 1704 1064 1738 comam,

364 1757 531 1807 Simplex
559 1757 778 1795 munditiis?
819 1757 908 1795 Heu
937 1758 1085 1806 quoties
1115 1756 1230 1795 fidem
1421 1771 1441 1805 5

360 1822 608 1871 Mutatosque
638 1822 732 1860 deos
761 1822 865 1859 flebit
893 1828 930 1860 et
959 1834 1093 1872 aspera

414 1887 543 1936 Nigris
573 1899 739 1937 aequora
767 1887 887 1924 ventis

467 1951 699 1989 Emirabitur
726 1952 907 1997 insolens,

361 2017 437 2065 Qui
465 2029 568 2055 nunc
597 2025 635 2055 te
664 2017 794 2055 fruitur
822 2016 994 2055 credulus
1025 2028 1163 2063 aurea3

359 2083 436 2129 Qui
465 2094 615 2132 semper
641 2076 812 2129 vacuam,
843 2094 993 2131 semper
1022 2081 1223 2119 amabilem
1403 2095 1443 2120 10

413 2146 549 2197 Sperat
577 2147 726 2185 nescius
755 2159 868 2185 aurae

465 2211 634 2251 Fallacis.
691 2212 835 2259 Miseri,
866 2213 1005 2261 quibus
