1507 2427
140 58 186 93 42

499 54 633 85 HORA
642 55 719 86 TJJ
745 55 1020 88 CARMINUM

355 156 445 202 Quo
473 157 583 194 bruta
610 157 718 195 tellus
748 164 784 194 et
812 171 909 207 vaga
937 159 1105 206 flumina,

355 220 444 266 Quo
475 220 567 270 Styx
597 228 633 258 et
662 222 770 259 invisi
800 222 952 261 horrida
981 224 1146 262 Taenari

411 285 527 322 Sedes
557 286 831 335 Atlanteusque
861 279 944 325 finis

464 349 700 387 Concutitur.
757 350 869 388 Valet
898 353 973 389 ima
1002 355 1160 391 summis

356 413 505 450 Mutare
534 420 571 451 et
600 415 792 463 insignem
821 422 989 454 attenuat
1018 418 1110 455 deus

359 477 531 514 Obscura
558 490 769 527 promens3
811 480 900 517 hinc
929 482 1077 530 apicem
1106 495 1222 532 rapax

411 541 578 578 Fortuna
607 556 695 580 cum
725 544 881 582 stridore
910 552 1020 583 acuto

464 605 629 653 Sustulit,
659 607 719 646 hic
749 610 922 658 posuisse
950 609 1102 658 gaudet.

595 871 631 910 O
645 872 681 909 D
693 873 727 909 E
765 873 929 912 XXXV.

301 993 337 1030 O
366 1006 467 1037 DIVA,
498 999 646 1041 gratum
676 1006 775 1042 quae
804 995 903 1043 regis
932 995 1100 1042 Antium,

302 1057 485 1094 Praesens
514 1058 571 1094 vel
601 1058 679 1094 imo
709 1058 839 1096 tollere
870 1058 916 1096 de
944 1060 1065 1109 gradu

353 1122 517 1159 Mortale
546 1133 684 1170 corpus
714 1122 770 1159 vel
800 1124 984 1172 superbos

408 1186 565 1223 Vertere
593 1186 788 1224 funeribus
818 1188 1038 1237 triumphos,

301 1251 362 1288 Te
391 1262 537 1300 pauper
567 1251 684 1287 ambit
714 1251 872 1289 sollicita
900 1265 1013 1301 prece

301 1315 414 1352 Ruris
444 1317 615 1361 colonus,
645 1323 681 1354 te
711 1317 908 1354 dominam
937 1318 1123 1367 aequoris,

355 1379 585 1429 Quicunque
616 1380 779 1429 Bithyna
808 1382 955 1419 lacessit

406 1444 655 1494 Carpathium
684 1445 842 1494 pelagus
872 1447 1007 1484 carina.

299 1509 359 1546 Te
387 1509 517 1547 Dacus
546 1521 664 1558 asper,
696 1517 732 1546 te
761 1510 912 1559 profugi
943 1511 1114 1560 Scythae,

300 1573 500 1623 Urbesque
528 1582 739 1623 gentesque
769 1581 805 1612 et
834 1575 986 1612 Latium
1016 1576 1123 1614 ferox

353 1638 579 1689 Regumque
610 1646 748 1677 matres
776 1640 1022 1678 barbarorum
1052 1647 1089 1678 et

406 1703 589 1753 Purpurei
618 1711 792 1741 metuunt
820 1706 979 1753 tyranni,

299 1767 488 1806 Iniurioso
518 1780 566 1805 ne
595 1769 694 1817 pede
724 1781 881 1818 proruas

299 1831 471 1869 Stantem
500 1832 731 1877 columnam,
762 1845 837 1870 neu
866 1833 1031 1882 populus
1060 1834 1238 1884 frequens

350 1896 413 1933 Ad
442 1909 547 1934 arma
577 1904 783 1943 cessantes,
815 1899 863 1935 ad
891 1911 998 1935 arma

404 1960 578 1998 Co'ncitet
607 1962 884 2011 imperiumque
914 1963 1071 2012 frangat.

297 2027 357 2063 Te
387 2038 538 2076 semper
567 2027 683 2064 anteit
713 2040 824 2065 saeva
854 2027 1084 2074 Necessitas,

300 2089 439 2127 Clavos
468 2092 628 2129 trabales
657 2098 693 2129 et
723 2104 867 2140 cuneos
896 2105 1011 2129 manu

353 2154 518 2194 Gestans
549 2161 656 2203 ae'na,
686 2169 757 2194 nec
788 2169 939 2194 severus

404 2220 538 2259 Uncus
569 2223 676 2260 abest
705 2223 967 2272 liquidumque
996 2223 1207 2273 plumbum.

1347 242 1386 264 10

1339 2239 1378 2260 20
