1507 2427
474 63 638 94 [JBER.
678 63 822 94 EPOD.
851 62 888 95 V.

216 167 480 215 Sedilibusque
510 178 674 214 magnus
704 166 743 202 in
773 166 904 215 primis
934 177 1050 215 eques

268 232 423 269 Othone
455 238 680 279 contempto
711 231 841 268 sedet!

216 296 320 343 Quid
351 297 483 332 attinet
513 302 567 332 tot
599 308 666 333 ora
696 296 849 332 navium
880 296 983 345 gravi

271 361 449 398 Rostrata
479 360 566 397 duci
595 361 766 409 pondere

216 426 360 464 Contra
390 426 559 462 latrones
589 432 701 474 atque
733 426 905 462 servilem
937 437 1094 463 manum

270 490 370 535 Hoc,
402 490 475 527 hoc
507 491 658 526 tribuno
689 491 878 527 militum?

520 754 744 793 EPODE
782 755 829 791 V.

217 872 289 916 AT,
321 883 344 908 o
375 870 533 908 deorum
564 870 748 919 quidquid
778 871 816 907 in
846 871 950 909 eaelo
980 872 1073 921 regit

271 935 410 973 Terras
440 943 476 972 et
505 936 717 972 humanum
749 947 881 984 genus,

216 1000 320 1046 Quid
350 1001 419 1037 iste
449 1000 517 1036 fert
547 1000 756 1037 tumultus?
795 1007 832 1037 et
860 1001 951 1050 quid
981 1001 1154 1038 omniurn

270 1065 408 1101 Voltus
439 1065 477 1100 in
507 1077 625 1101 unum
656 1078 717 1102 me
747 1067 899 1103 truces?

218 1129 289 1167 Per
317 1131 456 1167 liberos
486 1138 532 1175 te,
564 1131 594 1168 si
624 1138 759 1168 vocata
787 1131 970 1179 partubus

271 1195 419 1232 Lucina
448 1196 544 1232 veris
575 1196 693 1240 affuit,

219 1259 291 1297 Per
319 1261 394 1298 hoc
424 1261 536 1297 inane
566 1273 756 1309 purpurae
787 1261 902 1298 decus
931 1274 1077 1310 precor,

272 1325 343 1362 Per
371 1326 672 1374 improbaturum
703 1326 796 1362 haec
826 1325 972 1372 Iovem,

219 1390 324 1436 Quid
353 1397 393 1427 ut
423 1403 587 1427 noverca
616 1403 676 1427 me
706 1391 862 1428 intueris
891 1398 955 1428 aut
984 1393 1037 1428 uti

273 1456 393 1494 Petita
422 1457 519 1493 ferro
550 1457 690 1494 belua?

218 1521 270 1559 Ut
298 1522 393 1559 haec
421 1523 595 1559 trementi
624 1529 777 1571 questus
806 1534 871 1559 ore
901 1523 1067 1560 constitit

272 1587 492 1635 Insignibus
522 1588 637 1636 raptis
668 1599 772 1636 puer,

219 1651 385 1700 Impube
414 1663 564 1700 corpus,
596 1652 706 1702 quale
736 1659 866 1700 posset
895 1652 1013 1701 impia

273 1716 424 1753 Mollire
454 1716 649 1753 Thracum
678 1723 844 1765 pectora,

221 1781 391 1827 Canidia,
422 1782 595 1818 brevibus
624 1782 815 1830 implicata
844 1782 982 1831 viperis

275 1845 409 1883 Crines
439 1853 476 1883 et
504 1847 745 1894 incomptum
776 1853 900 1895 caput,

220 1911 329 1948 Iubet
359 1911 539 1960 sepulcris
570 1911 770 1960 caprificos
800 1918 936 1957 erutas,

274 1975 385 2012 Iubet
415 1988 617 2024 cupressus
647 1975 824 2012 funebres

221 2039 271 2077 Et
300 2047 413 2077 uncta
442 2041 559 2089 turpis
589 2052 660 2077 ova
689 2053 803 2077 ranae
833 2040 1023 2090 sanguine

275 2105 526 2154 Plumamque
556 2113 762 2142 noeturnae
793 2106 918 2156 strigis

222 2170 460 2219 Herbasque,
491 2183 585 2219 quas
616 2171 742 2208 Iolcos
772 2179 884 2220 atque
916 2172 1078 2209 Hiberia

279 2235 395 2273 Mittit
423 2247 658 2272 venenorum
689 2235 803 2282 ferax,

669 2313 692 2338 L

1235 69 1304 103 145

1273 1476 1311 1498 10

1273 1799 1309 1830 15

1272 2123 1312 2144 20
