1507 2427
544 65 638 97 LIB.
658 66 721 96 [V.
760 66 833 97 Ol).
861 66 939 96 Vll.
1292 75 1363 110 119

611 212 743 251 ODE
781 213 870 250 VII.

118 312 346 350 DIFFUGERE
375 311 492 358 nives,
523 311 684 350 redeunt
713 313 788 350 iam
818 313 991 362 gramina
1021 314 1166 363 campis

280 378 569 427 Arboribusque
600 390 757 424 comae;

118 441 241 479 Mutat
270 449 369 480 terra
398 444 496 480 vices
526 450 563 480 et
592 443 848 481 decrescentia
878 445 977 494 ripas

277 507 452 546 Flumina
481 516 745 558 praetereunt;

118 572 249 610 Gratia
278 586 365 611 cum
398 573 588 623 Nymphis
618 575 856 625 geminisque
886 575 1079 613 sororibus
1108 576 1222 614 audet
1345 592 1362 623 5

278 640 429 678 Ducere
458 640 561 676 nuda
590 640 742 678 choros.

118 703 354 743 Immortalia
384 718 431 742 ne
461 717 601 754 speres,
631 712 762 742 monet
791 717 914 743 annus
944 712 980 742 et
1009 706 1150 743 almum

280 770 390 817 Quae
419 771 516 819 rapit
544 770 637 807 hora
668 771 778 807 diem.

118 835 276 883 Frigora
305 837 508 874 mitescunt
538 835 729 884 Zephyris,
759 847 823 872 ver
851 836 1007 885 proterit
1036 843 1157 874 aestas

278 900 487 946 Interitura‚
518 901 630 938 simul
1328 917 1366 938 10

118 965 285 1004 Pomifer
312 967 552 1004 Auctumnus
582 965 709 1014 fruges
738 965 924 1012 effuderit,
955 973 991 1003 et
1019 978 1110 1003 mox

278 1030 420 1068 Bruma
448 1032 603 1068 recurrit
630 1030 740 1069 iners.

118 1094 271 1132 Damna
299 1102 429 1132 tamen
460 1096 602 1133 celeres
631 1102 808 1145 reparant
836 1096 1009 1133 caelestia
1037 1096 1174 1134 lunae:

279 1159 374 1205 Nos,
405 1161 469 1197 ubi
499 1160 720 1206 decidimus,

118 1223 208 1270 Quo
237 1232 345 1274 pater
372 1225 536 1271 Aeneas,
568 1237 646 1274 quo
676 1226 780 1263 dives
810 1226 945 1264 Tullus
974 1232 1011 1263 et
1038 1226 1180 1270 Ancus,
1327 1243 1361 1274 15

278 1290 403 1328 Pulvis
432 1297 469 1328 et
497 1291 631 1327 umbra
660 1302 801 1328 sumus.

116 1352 213 1399 Quis
243 1356 322 1401 scit,
352 1368 401 1393 an
430 1356 607 1393 adiiciant
635 1356 841 1394 hodiernae
874 1355 1037 1393 crastina
1066 1368 1238 1394 summae

277 1420 477 1470 Tempora
506 1421 543 1458 di
573 1422 725 1470 superi?

116 1483 265 1523 Cuncta
292 1498 429 1524 manus
459 1487 586 1525 avidas
615 1487 761 1536 fugient
789 1486 950 1529 heredis,
984 1487 1106 1524 amico

276 1549 386 1596 Quae
416 1550 564 1589 dederis
595 1552 735 1589 animo.
1322 1567 1362 1589 20

115 1613 214 1651 Cum
243 1615 361 1652 semel
390 1616 574 1654 occideris
603 1623 640 1653 et
669 1618 716 1654 de
746 1623 783 1654 te
813 1616 1014 1666 splendida
1043 1618 1173 1656 Minos

273 1680 420 1718 Fecerit
449 1682 611 1728 arbitria,

113 1742 218 1790 Non,
249 1744 456 1795 Torquate,
480 1759 613 1795 genus,
644 1759 723 1784 non
752 1753 787 1784 te
817 1747 1006 1793 facundia,
1036 1760 1116 1786 non
1146 1754 1182 1786 te

274 1807 461 1846 Restituet
490 1810 611 1859 pietas
627 1822 636 1855 ;

114 1871 277 1910 Infernis
306 1885 432 1922 neque
462 1874 564 1910 enim
594 1874 758 1911 tenebris
787 1874 913 1912 Diana
941 1874 1124 1924 pudicum
1319 1889 1357 1921 25

273 1938 427 1976 Liberat
456 1938 724 1988 Hippolytum,

112 2002 196 2040 Nec
226 2001 393 2041 Lethaea
422 2003 519 2040 valet
549 2003 725 2041 Theseus
754 2004 979 2054 abrumpere
1008 2016 1096 2043 caro

271 2067 434 2106 Vincula
463 2067 643 2106 Pirithoo.
