1507 2427
521 62 657 94 HORA
667 63 741 94 TII
765 63 976 96 EPODON

574 228 800 267 EPODE
839 229 908 267 IX.

281 344 450 391 QUANDO
480 350 676 392 repostum
707 334 936 381 Caecubum*
959 342 1007 380 ad
1037 342 1149 380 festas
1178 342 1297 392 dapes

334 410 488 447 Victore
517 409 636 446 laetus
667 408 832 446 Caesare
1229 401 1232 403 Α

283 475 432 512 Tecum
462 474 531 511 sub
560 474 744 511 alta—sic
774 474 854 511 Iovi
883 472 1219 522 gratum—domo,

335 539 451 576 Beate
482 538 701 583 Maecenas,
731 539 859 575 bibam

283 601 451 639 Sonante
480 601 643 638 mixtum
673 601 770 638 tibiis
801 613 955 638 carmen
985 600 1072 650 lyra,
1352 614 1370 646 5

336 665 424 703 Hac
454 665 627 710 Dorium,
657 666 726 702 illis
754 666 981 703 barbarum?

282 731 336 769 Ut
364 743 496 780 nuper,
527 738 634 768 actus
663 743 750 768 cum
780 731 875 768 freto
905 731 1122 780 Neptunius

336 795 426 833 Dux
455 795 550 844 fugit
578 796 672 832 ustis
702 796 872 841 navibus,

283 861 454 898 Minatus
483 861 578 898 Urbi
607 861 739 906 vincla,
774 874 870 910 quae
902 861 1115 898 detraxerat

337 927 460 964 Servis
491 927 635 964 amicus
664 926 828 975 perfidis.
1334 939 1374 962 10

282 992 495 1037 Romanus,
526 991 833 1039 eheu,—posteri
863 991 1106 1039 negabitis—

335 1057 612 1105 Emancipatus
642 1055 808 1092 feminae

282 1123 369 1159 Fert
397 1121 535 1158 vallum
565 1129 601 1157 et
631 1133 736 1157 arma
765 1121 873 1158 miles
903 1126 939 1158 et
968 1120 1209 1170 spadonibus

339 1187 484 1224 Servire
513 1186 664 1234 rugosis
697 1192 832 1234 potest,

282 1253 463 1300 Interque
493 1251 602 1299 signa
630 1257 737 1299 turpe
766 1251 939 1288 militaria
1333 1265 1369 1297 15

337 1316 404 1354 Sol
433 1316 593 1365 adspicit
623 1316 844 1364 conopium.

282 1382 344 1420 Ad
372 1382 474 1418 hunc
504 1381 707 1418 frementes
737 1388 927 1419 verterunt
955 1383 1014 1420 bis
1043 1382 1144 1419 mille
1174 1393 1295 1431 equos

338 1446 449 1491 Galli,
479 1453 660 1483 canentes
691 1445 909 1491 Caesarem,

281 1512 570 1561 Hostiliumque
602 1512 755 1548 navium
786 1520 898 1561 portu
926 1513 1042 1550 latent

334 1578 489 1627 Puppes
519 1577 776 1614 sinistrorsum
807 1578 913 1615 citae.
1332 1592 1372 1614 20

281 1644 325 1681 Io
356 1643 580 1692 Triumphe,
612 1649 651 1679 tu
680 1643 839 1680 moraris
871 1655 1006 1680 aureos

335 1708 477 1746 Currus
506 1715 542 1745 et
572 1708 729 1745 intactas
758 1709 902 1745 boves?

281 1773 325 1811 Io
355 1772 580 1821 Triumphe,
611 1785 682 1809 nec
714 1772 941 1821 Iugurthino
970 1784 1101 1822 parem

335 1838 442 1875 Bello
472 1839 668 1886 reportasti
700 1837 850 1883 ducem,

280 1904 417 1952 Neque
447 1903 681 1947 Africanum,
712 1903 772 1939 cui
803 1915 916 1951 super
946 1902 1226 1951 Karthaginem
1329 1918 1367 1949 25

334 1968 464 2005 Virtus
495 1968 713 2016 sepulcrum
743 1969 924 2006 condidit.

281 2036 402 2072 Terra
429 2034 601 2082 marique
630 2034 750 2070 victus
779 2033 900 2071 hostis
929 2033 1071 2082 punico

334 2100 514 2148 Lugubre
544 2099 700 2135 mutavit
729 2111 875 2147 sagum.

282 2166 360 2202 Aut
388 2165 448 2201 ille
477 2171 630 2201 centum
659 2164 828 2200 nobilem
858 2162 1011 2200 Cretam
1043 2163 1198 2200 urbibus

333 2231 467 2269 Ventis
496 2231 613 2268 iturus
643 2242 722 2268 non
751 2230 838 2276 suis,
1328 2246 1369 2277 30
