1507 2427
252 373 526 416 HORATII
569 374 825 417 EPODON
868 351 1070 416 L11‘3ER.

521 640 747 680 EPODE
784 642 814 680 I.

201 751 276 788 Inrs
305 750 482 788 Liburnis
511 751 608 788 inter
636 751 709 788 alta
738 752 902 799 navium,

253 815 400 860 Amice,
430 816 734 863 propugnacula,

200 879 359 917 Paratus
389 891 505 916 omne
536 878 711 916 Caesaris
740 879 951 928 periculum

255 944 398 990 Subire‚
429 943 646 990 Maecenas,
675 950 753 980 tu0.

202 1009 305 1055 Quid
335 1021 418 1054 nos,
449 1008 586 1057 quibus
616 1014 653 1044 te
682 1008 756 1044 vita
785 1008 816 1044 si
846 1008 1042 1056 superstite

255 1073 441 1119 Iucunda,
471 1074 502 1111 si
533 1079 675 1118 contra,
710 1072 862 1121 gravis?

199 1138 388 1176 Utrumne
419 1139 508 1175 iussi
538 1149 816 1186 persequemur
845 1137 978 1182 otium,

254 1203 345 1240 Non
375 1203 496 1248 dulce,
527 1203 565 1239 ni
594 1209 721 1239 tecum
751 1202 873 1248 simul,

200 1269 262 1305 An
291 1268 393 1305 hunc
421 1268 595 1304 laborem
625 1274 753 1304 mente
782 1267 890 1304 laturi
920 1266 1030 1304 decet

255 1333 344 1379 Qua
372 1333 465 1371 ferre
494 1345 573 1370 non
603 1332 737 1369 molles
767 1333 892 1368 viros?

201 1399 384 1435 Feremus
413 1406 450 1435 et
479 1405 514 1435 te
544 1397 601 1434 vel
630 1410 697 1446 per
726 1397 882 1445 Alpium
912 1398 1001 1447 iuga

256 1463 531 1511 Inhospitalem
561 1469 598 1499 et
627 1462 843 1499 Caucasum

199 1527 272 1565 Vel
302 1527 523 1565 Occidentis
552 1539 673 1576 usque
703 1527 750 1564 ad
779 1527 953 1564 ultimum
985 1527 1111 1565 sinum

253 1592 357 1629 Forti
386 1604 590 1641 sequemur
620 1599 786 1641 pectore.

201 1658 346 1707 Roges,
377 1665 483 1694 tuum
512 1657 642 1695 labore
672 1657 762 1706 quid
792 1657 919 1694 iuvem
949 1669 1049 1705 me0‚

254 1722 423 1760 Imbellis
453 1734 496 1759 ac
526 1723 656 1759 firmus
686 1723 850 1771 parum?

202 1787 346 1825 Comes
373 1788 521 1824 minore
552 1799 636 1824 sum
666 1787 814 1824 futurus
843 1787 882 1823 in
914 1794 1030 1833 metu,

255 1851 333 1897 Qui
361 1852 484 1888 maior
513 1852 690 1889 absentes
719 1851 856 1896 habet;

202 1916 256 1953 Ut
285 1917 456 1954 assidens
486 1917 731 1965 implumibus
760 1916 872 1964 pullis
901 1916 980 1954 avis

257 1982 500 2031 Serpentium
530 1982 696 2031 allapsus
727 1981 834 2018 timet

200 2046 328 2096 Magis
358 2047 505 2092 relictis,
535 2058 627 2091 non,
656 2052 697 2082 ut
725 2046 833 2088 adsit,
864 2045 977 2083 auxili

255 2111 397 2148 Latura
426 2111 510 2160 plus
540 2110 814 2159 praesentibus.

202 2175 385 2213 Libenter
414 2175 488 2213 hoc
517 2182 554 2212 et
583 2187 697 2212 omne
726 2174 945 2212 militabitur

255 2240 403 2278 Bellum
433 2241 472 2277 in
501 2246 587 2277 tuae
618 2252 727 2289 spem
755 2240 910 2288 gratiae,

1254 1347 1294 1370 10

1254 1996 1296 2018 20
